2206 3682
82 159 119 216 18
335 155 539 217 CORNELII
563 158 710 219 raom

78 273 333 363 concessum,'p1us
356 307 495 364 reponere
517 289 550 345 in
572 289 645 346 duce
666 309 756 366 quam
775 287 807 347 in
829 291 954 348 exercitu

80 382 174 438 Omne
193 384 282 440 robur
297 384 329 441 in
349 383 455 459 pedite,
473 403 560 459 quem
579 403 667 461 super
686 404 769 443 arma
786 385 957 444 ferramentis
992 390 995 395 '

78 497 194 556 quoque
220 483 251 534 et
277 479 366 554 copiis
392 484 521 536 onerant
564 479 648 536 Alios
682 480 720 538 ad
750 480 894 556 proelium
923 481 958 537 irs

36 593 38 595 ·
79 571 184 646 videas,
208 573 330 657 Chattos
349 575 387 631 ad
403 575 528 648 bellum;
552 575 611 631 rari
634 593 774 635 excursus
797 581 829 633 et
850 576 959 634 fortuita

79 691 178 749 pugna
184 692 193 744 3
223 672 403 746 equestrium
435 690 504 728 sane
532 672 642 729 virium
668 672 700 730 id
726 673 887 749 proprium,
911 672 960 728 cito

80 784 183 843 parare
209 767 370 837 victoriam,
399 767 457 824 cito
484 767 600 839 cedere3
634 766 775 825 velocitas
803 768 890 827 iuxta
915 768 960 824 for·

81 863 229 934 midinem‚
245 863 392 920 cunctatio
406 863 523 938 propior
536 863 716 920 constantiae
728 868 782 925 est.

93 1007 96 1014 .
136 959 265 1016 XXXI.
308 959 349 1016 Et
362 959 428 1015 aliis
441 959 653 1016 Germanorum
666 959 784 1036 populis
799 965 961 1035 usurpatum

82 1075 149 1112 raro
176 1061 206 1112 et
230 1056 345 1131 privata
369 1056 508 1131 cuiusque
531 1057 670 1114 audentia
692 1057 772 1132 apud
795 1057 917 1114 Chattos
936 1056 962 1111 in

83 1171 254 1210 consensum
284 1154 384 1222 vertit,
416 1159 451 1209 ut
481 1153 609 1228 primum
641 1154 833 1226 adoleverint,
865 1156 962 1212 crinem

84 1249 260 1325 barbamque
284 1249 475 1320 summittere,
499 1267 552 1305 nec
573 1250 631 1306 nisi
654 1250 738 1308 hoste
761 1269 844 1307 caeso
867 1266 962 1308 exuere

84 1346 218 1402 votivum
241 1345 459 1419 obligatumque
482 1345 589 1424 uirtuti
613 1345 671 1401 oris
693 1345 839 1405 habitum.
882 1345 963 1421 Super

84 1441 256 1516 sanguinem
287 1445 317 1496 et
345 1440 437 1514 spolia
467 1441 600 1497 revelant
629 1441 764 1513 frontem,
795 1460 885 1518 seque
909 1447 963 1500 sum

85 1540 203 1597 demum
229 1530 324 1614 pretia
356 1538 494 1594 nascendi
518 1539 652 1595 retulisse
687 1539 849 1616 dignosque
880 1538 963 1615 patria

86 1656 119 1694 ac
142 1634 312 1711 parentibus
334 1634 441 1692 ferunt.
484 1634 604 1709 Ignavis
628 1639 658 1691 et
681 1634 851 1693 imbellibus
878 1638 965 1691 manet

87 1734 209 1811 squalor.
244 1733 431 1789 Fortissimus
444 1733 566 1808 quisque
580 1733 706 1789 ferreum
720 1732 842 1809 insuper
855 1732 965 1790 anulum

88 1829 324 1906 (ignominiosum
341 1829 372 1884 id
389 1827 481 1905 genti)
499 1829 582 1884 velut
598 1829 749 1889 vinculum
766 1835 871 1905 gestat,
888 1830 965 1886 dones

88 1947 118 1985 se
145 1927 230 1984 caede
257 1925 349 1982 hostis
375 1925 514 1983 absolvat.
558 1925 698 1981 Plurimis
727 1925 903 1983 Chattorum
927 1923 966 1978 hic

88 2025 184 2100 placet
206 2024 331 2094 habitus,
356 2023 473 2097 iamque
499 2028 606 2078 canent
632 2022 760 2098 insignes
787 2029 818 2080 et
845 2021 967 2080 hostibus

88 2122 176 2179 simul
197 2121 314 2196 suisque
337 2119 499 2177 monstrati.
543 2119 683 2175 Omnium
706 2138 796 2195 penes
817 2120 872 2176 hos
892 2116 967 2175 initia

89 2238 268 2294 pugnarum3
288 2218 359 2273 haec
375 2217 469 2292 prima
485 2235 598 2291 semper
613 2217 696 2283 acies,
715 2217 781 2272 visu
798 2235 891 2287 nora3
909 2231 968 2270 nam

89 2334 127 2371 ne
140 2315 172 2370 in
185 2333 255 2390 pace
268 2314 386 2390 quidem
402 2304 488 2370 rultu
504 2313 620 2368 mitiore
635 2318 849 2369 mansuescunt
894 2307 968 2368 Nulli

90 2411 192 2466 domus
210 2416 262 2466 aut
283 2429 351 2485 ager
373 2416 425 2465 ans
447 2409 545 2484 aliqua
566 2428 650 2480 cura;
672 2415 759 2484 prout
777 2409 815 2465 ad
836 2421 969 2485 quemque

90 2525 203 2576 venere,
218 2506 345 2577 aluntur,
360 2506 474 2580 prodigi
487 2503 584 2576 alieni,
600 2509 812 2579 contemptores
826 2504 880 2575 sui,
890 2503 969 2559 donec

92 2602 246 2675 exsanguis
260 2606 392 2658 senectus
406 2609 467 2658 tam
481 2601 570 2656 durae
584 2599 690 2655 virtuti
703 2597 829 2673 impares
843 2597 934 2654 saciat.

121 2719 127 2738 ·
151 2698 292 2754 XXXII.
315 2697 449 2754 Proximi
463 2695 576 2753 Chattis
595 2700 707 2751 certum
725 2693 784 2749 iam
804 2693 888 2759 alveo
904 2691 970 2749 Rhe

92 2814 172 2866 num,
188 2794 297 2869 quique
308 2793 451 2849 terminus
466 2809 526 2848 esse
541 2791 671 2861 sufficiat,
685 2789 786 2864 Usipii
800 2808 834 2845 ac
848 2784 971 2845 Tencteri

92 2893 202 2950 colunt.
238 2890 374 2947 Tencteri
387 2907 473 2963 super
486 2887 605 2944 solitum
619 2886 762 2942 bellorum
776 2883 865 2941 decus
883 2897 971 2958 eques

94 2992 148 3048 tris
157 2989 323 3065 disciplinae
333 2995 396 3043 arte
409 2985 596 3062 praecellunt,
607 3002 661 3040 nec
671 2982 764 3038 maior
773 2981 852 3056 apud
862 2979 971 3037 Chattos

94 3088 226 3164 peditum
239 3087 303 3142 laus
317 3103 405 3160 quarn
419 3081 568 3139 Tencteris
582 3078 723 3155 equitum.
767 3076 815 3134 Sic
828 3077 972 3134 instituere

95 3182 217 3241 maiores
223 3203 231 3254 3
262 3180 376 3257 posteri
407 3177 569 3236 imitantur.
612 3173 659 3231 Hi
693 3171 775 3228 lusus
815 3171 972 3233 infantium,

96 3278 166 3339 haec
192 3280 330 3337 iuvenum
356 3274 514 3334 aemulatio
520 3294 529 3347 3
557 3276 745 3349 perseverant
766 3287 857 3326 senes.
900 3267 973 3324 Inter

96 3373 235 3431 fannliam
275 3380 306 3431 et
340 3377 461 3451 penates
495 3374 527 3426 et
566 3368 631 3424 iura
666 3365 880 3422 successionum
915 3354 973 3437 equi
