2206 3682
122 172 139 226 a
378 163 582 226 connais]
607 123 751 226 rnen·

120 296 190 372 quia
210 314 264 352 nec
286 299 365 352 terra
388 295 458 351 olim
479 296 529 352 sed
550 295 691 354 classibus
711 306 744 353 ar
770 308 814 352 ϋηι
833 288 984 368 antanasi
1001 280 1005 331 '.
1023 306 1036 355 ’ἶ

121 398 234 448 mutare
247 392 328 449 sedes
341 392 526 468 quaerebant,
542 399 572 450 et
585 394 741 451 imment-n:
765 416 790 449 ιν
810 416 816 447 ι
831 414 842 448 ι
860 398 943 466 utque
956 388 985 445 s'a
1024 424 1036 461 Ἃ

121 488 246 544 dixerim
256 487 393 544 adversus
406 488 675 546 Oceanusrarisab
688 504 757 545 (rna
812 508 872 546 etro
888 487 988 545 navibus
1026 518 1036 556 a

120 584 226 640 aditur.
291 583 363 651 Quis
390 603 485 660 porro,
513 591 629 660 practer
648 586 763 660 'peri-n:
778 608 814 639 .ι.ι
844 583 991 641 horridiet
1027 614 1036 655 p

122 874 236 930 tristem
250 875 332 931 cultu
345 880 528 950 aspectuque,
544 874 602 930 nisi
615 874 641 930 si
654 876 727 949 pari
741 904 744 913 ·

182 969 337 1026 Celebrant
360 970 537 1026 carminibus
560 970 694 1045 antiquis,
828 989 915 1027 anum
935 967 995 1046 apud
1032 1002 1036 1037 ι

123 1065 188 1122 illos
219 1067 374 1123 memoriae
405 1071 435 1122 et
466 1066 616 1141 annalium
643 1085 735 1143 genus
762 1073 813 1139 est,
845 1069 996 1125 Tuistonem
1034 1102 1036 1134 ρ

121 1164 209 1270 deum
235 1169 315 1221 terra
341 1164 402 1220 edit
391 1169 461 1234 tum,
495 1168 526 1220 et
556 1163 650 1220 filium
682 1163 837 1235 Mannum,
874 1164 997 1259 originem
1033 1197 1036 1207 ‹

35 1350 44 1371 ⁸
123 1371 247 1427 quorum
243 1301 466 1410 nominibus
440 1353 566 1428 proximi
588 1354 702 1412 Oceano
723 1355 913 1431 Ingaevones,
927 1352 999 1412 medii

124 1450 328 1522 Herminones,
344 1451 435 1508 ceteri
449 1452 616 1509 Istaevones
636 1460 786 1512 vocentur.
831 1454 961 1526 Quidam,
973 1456 999 1509 ul

17 1552 21 1557 '
41 1566 72 1623 χ,
123 1548 288 1639 indicantia
301 1551 464 1631 uetustatis,
480 1550 573 1625 pluris
587 1551 640 1607 deo
654 1557 733 1608 ortos
747 1551 900 1629 plurisque
919 1542 998 1628 gentis

123 1649 339 1728 appellationes,
360 1651 480 1722 Marsos,
503 1651 694 1724 Gambrivios,
718 1651 839 1722 Suevos,
866 1648 1000 1707 Vandalus

124 1746 288 1818 affirmant;
317 1765 408 1823 eaque
427 1767 497 1804 vera
517 1753 547 1804 et
567 1748 689 1823 antiqua-
708 1747 836 1805 nomina.
882 1746 1001 1804 Getarum

125 1842 297 1900 Germaniae
310 1843 484 1900 vocabulum
504 1861 604 1899 reeens
624 1848 770 1921 atnuper
788 1841 1003 1916 additum,an

124 1939 212 2011 niam,
225 1939 275 2014 qui
289 1938 377 2014 primi
387 1938 526 1995 Rhenum
540 1938 710 2013 transgressi
724 1937 826 1994 Gallos
838 1936 1001 2014 expulerint,

124 2054 157 2091 ac
180 2054 259 2091 nunc
281 2034 399 2109 Tungri,
421 2040 493 2091 tune
515 2034 653 2091 Germani
672 2033 770 2090 vocati
788 2033 859 2091 sint.
902 2033 951 2091 Ita
966 2050 1003 2088 na·

124 2133 213 2189 tionis
231 2151 337 2189 nomen
354 2151 414 2189 non
433 2132 529 2208 gentis
545 2132 685 2189 evaluisse
700 2130 851 2207 paulatim,
867 2139 904 2188 ut
918 2144 1003 2189 omnes

124 2227 251 2302 primum
272 2248 289 2284 a
308 2229 419 2284 victore
439 2229 476 2284 ob
497 2232 616 2298 metum,
631 2246 708 2297 ,mox
728 2245 747 2282 a
766 2226 882 2302 seipsis
896 2227 1003 2285 inventa

69 2386 70 2389 Ἰ
125 2323 242 2380 nomine
257 2324 394 2380 Germani
407 2330 588 2382 vocarentur.
606 2342 608 2347 ·

185 2419 247 2477 III.
290 2419 391 2476 Fuisse
418 2420 496 2495 apud
522 2438 570 2476 eos
597 2425 628 2475 et
655 2417 816 2475 Herculem
844 2419 1005 2489 memorant

124 2516 308 2593 primumque
329 2517 460 2573 omnium
480 2517 612 2573 virorum
631 2515 752 2574 fortium
773 2516 845 2573 ituri
863 2516 897 2572 in
910 2512 1003 2592 proeli!

78 2682 82 2689 .
125 2617 242 2670 canunt
299 2611 376 2669 Sunt
402 2613 460 2669 illis
487 2613 558 2669 haec
585 2631 700 2689 quoque
727 2615 865 2683 carmina,
894 2624 1003 2688 quorun

124 2709 229 2778 relatu,
246 2727 332 2782 quem
346 2709 494 2764 harditum
515 2714 628 2779 vocant,
651 2707 813 2764 accendunt
833 2707 954 2777 animos,
971 2703 1003 2760 fn·

124 2809 267 2880 tusaeque
300 2823 414 2880 pugnae
445 2803 628 2861 fortunam
620 2823 683 2879 ipso
710 2809 798 2861 cantu
826 2807 1000 2879 augurantur

124 2901 247 2981 Terreat
261 2901 340 2956 enim
353 2901 518 2991 trepidant
503 2920 547 2971 ve,
562 2907 651 2977 prout
664 2901 764 2957 sonuit
780 2898 863 2970 acies,
884 2919 937 2956 nec
955 2904 1001 2952 aa

124 3017 208 3055 voces
221 2999 288 3055 illae
302 3017 390 3073 quam
403 2984 523 3055 uirtutis
537 3005 657 3054 concent
658 3017 693 3054 us
646 2997 849 3054 tvidentur.
891 2995 1001 3079 Αιιιιοιιι

125 3101 175 3151 tur
198 3095 349 3172 praecipue
373 3095 513 3170 asperitas
531 3093 596 3151 soni
616 3098 646 3150 et
667 3093 793 3150 fractum
815 3109 947 3149 murmur
965 3064 1002 3142 οἷν

116 3174 207 3247 'iactis
221 3192 258 3248 ad
278 3211 309 3248 os
329 3193 426 3263 scutis,
449 3211 507 3267 quo
526 3190 641 3267 plenior
660 3195 690 3246 et
709 3189 827 3269 gravior
846 3208 906 3246 vox
924 3198 1000 3261 reper-

126 3306 209 3344 cussu
224 3288 405 3345 intumescat.

186 3385 322 3458 Ceterum
336 3391 367 3452 et
380 3383 502 3442 Ulixem
517 3383 635 3460 quidam
656 3382 814 3459 opinantur
826 3381 913 3458 longo
926 3374 1002 3436 illos
