2206 3682
85 132 121 231 ro
278 178 282 187 f
332 165 546 228 xcanneru
571 162 716 223 eremi

86 363 283 405 xvi—xxm.
327 344 452 402 German
475 343 598 419 rillayee.
641 341 759 401 Subiere·
875 334 955 397 dael

126 435 198 508 inps.
259 431 355 490 Dress.
407 431 558 504 Marriaqe
586 429 662 489 riter.
713 428 771 488 6¹³
875 424 957 501 rfltc
987 470 990 477 ,

125 539 239 578 acernea.
282 518 471 576 Panislemeat
485 517 670 592 padulem.
716 515 735 574 l
878 511 915 586 of
925 511 959 568 tte

125 607 259 665 children.
296 605 406 662 Fetiale.
449 604 622 672 Homicidc,·
641 603 734 660 noae
897 599 960 656 Hos

120 694 249 769 pitolity.
285 692 406 748 Iliotone
420 691 564 748 character
577 690 614 764 os
622 689 693 747 their
706 689 850 762 banquets.
888 685 962 743 I'leir

117 780 292 855 sacal-lore
306 778 343 852 of
349 779 444 836 drialc.
474 776 763 853 Sparte-addictione
776 785 803 833 lc
817 774 961 848 paartliug.

108 864 110 868 ’
126 866 400 940 Slanee-contempt
406 864 624 938 forfreedmea.
659 862 794 936 Leadiay
809 882 847 918 ore
860 861 964 917 interea

126 952 280 1011 aalaowa.
324 950 498 1026 Occupatioa
512 951 574 1008 aad
587 949 684 1024 lillage
698 949 787 1022 oftlee
801 948 880 1005 laad.
915 945 964 1003 Fa

126 1039 210 1097 neral
223 1040 296 1096 riter.

146 1151 235 1210 XVI.
278 1151 384 1208 Nullas
412 1150 624 1209 Germanorum
648 1149 765 1226 populis
787 1149 874 1206 urbes
896 1147 966 1206 hubi·

86 1250 145 1306 turi
159 1250 230 1306 satis
244 1257 346 1306 notum
361 1255 412 1320 est,
434 1267 472 1304 ne
492 1249 555 1324 poti
575 1248 693 1323 quidem
713 1247 792 1304 inter
812 1266 843 1303 se
863 1248 967 1304 iunctus
1007 1268 1009 1315 q

87 1346 175 1402 sedes.
212 1344 321 1401 Colunt
335 1345 452 1401 discreti
466 1364 498 1401 ac
513 1344 629 1414 diversi,-
646 1349 680 1399 ut
698 1343 771 1415 fons,
793 1350 830 1400 ut
850 1360 967 1418 campus,

88 1448 123 1499 ut
143 1461 246 1499 nemus
266 1426 382 1516 placuit.
426 1440 517 1497 Vicos
533 1441 631 1497 locent
649 1459 709 1497 non
727 1440 759 1497 in
773 1445 909 1496 nostrum
921 1455 970 1494 mo

88 1559 149 1596 rem
168 1539 306 1602 connexis
328 1543 358 1593 εὴ
378 1537 602 1619 cohaerentibus
621 1538 784 1610 aedificiis;
807 1555 891 1594 susm
904 1534 971 1611 quie

88 1656 145 1710 que
159 1636 276 1692 domum
291 1636 384 1711 spatio
398 1635 566 1706 circumdat,
582 1635 643 1692 sive
657 1616 796 1692 adversus
810 1652 894 1691 casus
905 1631 974 1708 ignis

89 1731 259 1798 remedium,
273 1731 334 1787 sive
348 1731 464 1787 inscitia
478 1730 656 1791 aedificandi.
698 1730 729 1786 N
731 1750 747 1787 e
763 1735 972 1797 caementorum

89 1829 207 1903 quidem
231 1828 309 1903 opud
332 1828 397 1884 illos
420 1831 473 1882 aut
496 1827 660 1901 tegularum
680 1846 774 1899 usus;
799 1827 923 1884 materia
942 1823 973 1882 ad

9 1978 13 2015 ἱ
62 1966 64 1971 .
91 1925 188 1982 omnia
203 1930 336 1982 'utuntur
357 1925 475 1980 informi
497 1935 526 1981 et
546 1926 621 1981 citra
641 1926 764 2001 speciem
785 1933 839 1982 aut
859 1925 974 1982 delecte

2 2024 15 2118 j
38 1994 65 2125 J
91 2021 209 2079 tionem.
227 1996 403 2106 tQueedam
427 2021 490 2077 loca
514 2021 684 2096 diligentius
703 2021 827 2078 illinunt
848 2021 975 2077 terrain

91 2138 166 2195 pura
185 2138 218 2175 ac
238 2119 415 2195 splendente,
437 2124 472 2175 ut
492 2118 637 2194 picturam
658 2138 691 2175 ac
712 2120 892 2176 lineamenta
911 2118 976 2176 colo

91 2233 158 2271 rum
171 2214 323 2290 imitetur.)
356 2214 458 2271 Solent
471 2220 501 2271 et
514 2215 718 2273 subterraneos
738 2235 842 2297 specus
861 2216 975 2292 aperire,

92 2330 197 2385 eosque
221 2311 314 2368 multo
335 2311 454 2387 insuper
472 2312 541 2369 fimo
562 2319 692 2382 onerent,
715 2313 875 2388 suffugium
896 2311 978 2370 hiemi

93 2415 124 2465 et
137 2408 347 2483 receptaculum
363 2408 504 2482 frugibus,
518 2409 588 2483 quia
604 2409 727 2484 rigorem
749 2410 894 2485 frigorum
913 2412 978 2468 eius

94 2504 174 2560 modi
186 2505 255 2560 locis
269 2505 415 2575 molliunt,
427 2512 458 2561 et
470 2505 496 2562 si
509 2507 625 2581 quando
640 2506 732 2563 hostis
745 2508 875 2575 advenit,
886 2513 979 2585 aperta

95 2601 259 2678 populatur,
275 2602 374 2658 abdita
387 2609 486 2659 autem
500 2608 530 2659 et
543 2603 653 2660 defossa
667 2609 720 2660 aut
736 2604 920 2680 ignorantur,
934 2610 979 2661 aut

95 2718 128 2755 eo
144 2699 205 2775 ipso
219 2698 334 2768 fallunt,
349 2699 427 2774 quod
441 2700 607 2774 quaerenda
620 2705 698 2757 sunt.

155 2794 265 2852 XVII.
309 2794 457 2870 Tegumen
482 2796 616 2853 omnibus
640 2815 741 2872 sagum
763 2798 856 2855 fibula
877 2797 981 2870 antei

95 2893 179 2964 desit,
212 2891 296 2967 spina
327 2898 498 2950 consertum.
556 2892 660 2949 Cetera
687 2894 792 2950 intecti
820 2901 900 2952 totos
927 2896 982 2952 dies

96 2989 181 3044 iuxta
194 2988 288 3044 focum
303 2991 390 3063 atque
404 2988 501 3063 ignem
516 2995 615 3062 agunt.
657 2986 894 3063 Locupletissimi
907 2997 983 3048 veste

97 3085 326 3160 distinguuntur,
341 3103 400 3141 non
413 3085 556 3155 fluitante,
572 3085 648 3141 sicut
662 3083 812 3142 Sarmatae
826 3105 860 3143 ac
874 3086 982 3156 Parthi,

98 3181 147 3238 sed
167 3182 268 3238 stricta
288 3188 319 3240 et
338 3182 468 3258 singulos
488 3189 570 3238 artus
591 3182 783 3258 exprimente.
827 3183 944 3243 Gerunt
958 3191 984 3244 et

99 3277 223 3333 ferarum
247 3278 345 3354 pelles,
368 3277 496 3354 proximi
516 3277 597 3354 ripae
620 3279 810 3354 negligenter,
836 3281 985 3342 ulteriores

101 3373 283 3449 exquisitius,
307 3379 343 3430 ut
365 3374 471 3450 quibus
493 3374 592 3432 nullus
613 3394 666 3452 per
688 3377 862 3435 commercio
882 3379 983 3436 cultus
