2206 3682
252 111 503 175 carinam
531 113 806 173 xvi-xxvii
872 76 874 81 ’
954 115 990 172 13

155 244 253 302 XXI.
303 245 456 322 Suscipere
479 251 540 302 tam
562 245 730 302 inimicitias
753 264 804 301 seu
825 245 917 320 patris
941 265 991 301 seu

91 342 259 420 propinqui
278 362 366 418 quam
387 343 531 399 amicitias
550 362 664 400 necesse
685 349 735 400 est
778 342 842 399 Nec
856 343 992 417 implaca·
1058 376 1072 408 s

91 439 173 497 biles
197 439 306 495 durant
317 459 328 511 ,·
356 439 451 519 lpitpr
477 441 556 496 enim
583 429 672 496 etiam
699 440 888 496 homicidium
913 448 991 497 certo
1017 382 1088 513 [lllll

92 542 300 626 affieri-toppgn
319 556 352 593 ac
371 556 507 612 pecorum
529 557 659 608 numero,
682 531 844 614 recipitque
865 541 992 596 satisfac-

93 636 212 692 tionem
239 634 377 689 universa
403 634 514 699 domuc,
538 635 654 690 utiliter
679 636 711 690 in
739 637 897 711 publicum,
922 637 992 712 quia
1063 630 1066 637 ’

94 730 318 808 periculosiores
332 737 401 786 sunt
414 730 875 822 1111m10iliafflwalibssllritib
920 737 1006 791 Ocn-¹

97 831 229 886 victibus
251 834 281 885 et
301 827 435 904 hospitiis
459 848 519 885 non
540 830 597 886 alia
616 849 687 904 gens
709 831 827 887 effusius
849 833 1009 907 indulgeta

97 910 314 1000 Quemcunque
334 926 501 982 mortalium
523 946 619 983 arcere
641 934 719 984 tecto
743 929 991 1003 nefas-'hebetum

96 1039 154 1096 pro
168 1021 287 1075 fortuna
306 1021 429 1097 quisque
447 1024 594 1106 apparatis
607 1022 727 1103 epulis
733 1024 849 1098 excipit.
882 1018 990 1096 [Quum

97 1117 239 1186 defecere,
255 1115 307 1191 qui
320 1118 405 1172 modo
425 1097 528 1192 hosp-es
548 1118 651 1190 fuerat,
675 1125 853 1175 monstrator
872 1119 993 1195 hospitii

98 1220 131 1270 et
154 1232 250 1270 comes
262 1233 271 1284 3
305 1214 470 1288 proximam
494 1215 612 1271 domum
635 1234 695 1271 non
722 1216 842 1281 invitati
863 1217 972 1272 adeunt
984 1236 992 1285 ;

99 1329 158 1367 nec
182 1311 306 1366 interest
317 1330 326 1381 ,·
357 1312 419 1384 pari
443 1310 627 1368 humanitate
650 1313 852 1388 accipiunturj
888 1321 993 1370 notum

98 1408 294 1483 ignotumque
311 1414 455 1481 quantum
476 1408 513 1463 ad
535 1407 580 1463 ius
597 1407 719 1483 hospitis
739 1429 824 1465 nemo
844 1409 990 1468 discernit.

98 1503 245 1573 Abeunti,
268 1501 293 1558 si
313 1504 383 1578 quid
402 1506 570 1578 poposcerit,
592 1506 747 1561 concedere
769 1507 864 1577 moris,
881 1512 911 1562 et
930 1525 993 1582 pos-

97 1601 187 1658 cendi
211 1601 337 1656 invicem
357 1601 457 1656 eadem
478 1600 608 1659 facilitas.
658 1602 795 1658 Gaudent
813 1605 991 1674 muneribus

99 1697 153 1765 aed
166 1715 221 1753 nec
235 1696 304 1752 data
316 1696 465 1770 imputant
479 1716 531 1753 nec
543 1698 666 1771 acceptis
677 1697 851 1772 obligantur.
886 1699 993 1754 Victus

99 1797 182 1852 inter
196 1794 323 1868 hospites
337 1796 432 1852 comis.
1022 1790 1025 1795 ’

162 1889 274 1948 XXII.
326 1890 434 1946 Statim
461 1910 477 1946 e
504 1909 612 1960 somno,
641 1911 729 1966 quem
757 1891 929 1967 plerumque
958 1894 989 1949 in

99 1987 182 2045 diem
198 1984 364 2057 extrahunt,
376 1985 521 2056 lavantur,
537 1987 651 2062 saepius
664 1987 763 2058 calida,
780 1996 815 2043 ut
828 1989 905 2062 apud
920 2008 993 2063 quos

100 2083 266 2160 plurimum
296 2081 389 2138 hiems
423 2087 551 2158 occupat.
607 2083 696 2139 Lauti
727 2084 828 2139 cibum
855 2085 1008 2158 capiunt;.

100 2185 255 2256 separatae
275 2179 396 2254 singulis
418 2180 498 2236 sedes
521 2185 551 2236 ct
574 2199 625 2236 sua
647 2180 751 2255 cuique
768 2199 872 2236 mensa
916 2180 993 2238 Tum

100 2280 141 2336 ad
168 2277 285 2352 negotia
313 2296 365 2333 nec
393 2277 490 2332 miuus
514 2277 657 2351 saepead
679 2278 812 2332 convivia
834 2278 1002 2352 procedunt

101 2375 219 2434 armati.
272 2372 360 2429 Diem
382 2380 555 2449 noctemque
580 2375 750 2430 continuare
772 2377 898 2448 potando
918 2377 995 2434 nulli

100 2472 253 2550 probrum.
310 2469 442 2539 Crebrae,
467 2477 502 2526 ut
529 2471 799 2541 intersinolentoS,
823 2473 904 2528 rixae
928 2493 995 2530 raro

101 2569 253 2640 conviciis,
282 2570 396 2643 saepius
423 2569 509 2624 caede
533 2574 563 2623 et
584 2567 755 2623 vulneribus
781 2570 992 2643 transiguntur.

102 2667 164 2726 Sed
179 2672 210 2722 et
223 2665 260 2721 de
274 2664 491 2721 reconciliandis
504 2665 629 2720 invicem
644 2663 769 2719 inimicis
792 2670 820 2720 et
841 2664 995 2738 iungendis

101 2764 298 2823 affinitatibus
309 2768 338 2817 et
352 2761 522 2818 asciscendis
537 2759 721 2834 principibus,
739 2760 774 2814 de
788 2779 856 2834 pace
871 2761 995 2833 denique

101 2859 230 2918 sobello
244 2858 415 2932 plerumque
435 2856 467 2911 in
485 2855 626 2911 conviviis
646 2855 821 2925 consultant,
846 2860 996 2928 tamquam

101 2955 189 3014 nullo
215 2955 307 3028 magis
334 2959 463 3028 tempore
490 2958 542 3008 aut
569 2953 605 3007 ad
633 2953 776 3027 simplices
808 2952 997 3025 cogitationes

101 3061 208 3134 pateat
228 3053 350 3122 animus,
373 3057 424 3107 aut
445 3051 481 3106 ad
502 3069 620 3123 magnas
641 3050 801 3105 incalescat.
845 3048 923 3103 Gens
937 3066 997 3102 non

102 3156 207 3210 astuta
220 3167 272 3205 nec
285 3147 389 3203 callida
402 3147 495 3221 aperit
508 3144 602 3201 adhuc
616 3151 725 3201 secreta
739 3144 862 3218 pectoris
880 3143 997 3199 licentia

102 3248 171 3323 ioci,
215 3244 294 3320 Ergo
317 3243 431 3315 ὀψία
451 3246 481 3299 et
501 3241 581 3298 nuda
602 3241 731 3297 omnium
753 3258 834 3296 mens
846 3260 855 3311 3
883 3247 999 3315 postera

95 3318 155 3403 'dle
169 3345 353 3412 retractatur,
370 3338 659 3429 eQaQuffluffiue
677 3339 816 3427 temporis
837 3336 921 3409 ration
932 3342 997 3413 est3
