2206 3682
137 164 173 222 14
363 218 367 232 ,
396 162 599 223 CORNELII
623 160 768 224 rAchl

134 293 304 364 deliberant,
329 293 400 350 dnm
427 294 543 369 fingere
561 293 705 365 nesciunt,
733 292 924 367 constituunt,
946 292 1003 351 dan

134 410 230 448 errare
243 410 304 447 non
318 395 444 466 possunt

183 485 321 544 =XXIII.
365 485 454 542 Potui
478 485 583 541 humor
606 505 644 542 ex
667 475 776 542 hordeo
797 493 849 542 cut
867 486 1004 555 frumento,

134 581 167 637 in
189 581 345 656 quamdam
367 581 589 637 similitudinem
610 582 674 638 vini
695 588 869 658 corruptus;
897 582 1007 659 proximi
1033 588 1037 599 '

134 678 215 752 ripae
237 682 267 734 et
288 677 391 732 vinum
415 687 590 736 mercantur.
633 677 700 735 (libi
721 679 874 755 simplices,
900 679 1014 773 {Qiifl

135 765 228 859 peina,
243 792 343 829 recens
356 775 425 843 fera,
441 779 493 829 aut
506 774 551 830 lac
565 782 739 834 concretum.
783 776 853 834 Sine
873 784 1008 854 apparatu,

135 872 199 940 sine
220 870 426 955 blandimentis
447 871 600 944 expellunt
617 871 731 930 famem.
775 872 928 931 Adversus
942 875 1010 930 sitin

135 986 195 1024 non
215 968 315 1024 cadem
336 966 536 1041 temperantia
579 967 611 1023 Si
631 968 788 1025 indulseris
807 971 943 1027 ebrietati
958 989 1010 1045 sug·

135 1066 261 1140 gerendo
288 1070 443 1141 quantum·
459 1065 673 1139 concupiscunt,
702 1066 782 1124 haud
811 1068 911 1125 minus
941 1069 1011 1125 facilc

135 1161 318 1236 vitiisquarn
333 1160 422 1216 armis
437 1161 599 1232 vincentur.
927 1172 933 1179 ·

196 1255 324 1314 XXIV.
374 1254 473 1311 Genus
501 1256 732 1329 spectaculorum
756 1278 852 1316 unum
879 1259 1014 1336 atqucin

137 1353 217 1411 omni
230 1359 315 1408 coetu
328 1351 414 1409 idem.
456 1349 539 1407 Nudi
559 1351 686 1422 iuvenes,
708 1354 814 1428 quibus
833 1355 864 1412 id
880 1357 1013 1413 ludicrum

137 1456 194 1547 est,
213 1449 291 1505 inter
311 1448 420 1523 gladios
442 1465 472 1503 sc
493 1453 581 1521 atque
603 1447 724 1504 infestas
745 1449 869 1507 frameas
888 1410 1043 1546 Qud.

137 1549 227 1604 ciunt.
269 1546 450 1603 Exercitatio
474 1556 568 1602 artem
591 1548 714 1621 paravit,
734 1567 781 1603 ars
802 1549 944 1620 decorem,
965 1567 1016 1606 non

136 1649 168 1704 in
187 1651 338 1722 quaestum
357 1652 456 1700 tamen
473 1650 526 1699 aut
543 1645 725 1716 mercedem,
754 1647 891 1719 quamvis
911 1645 1017 1704 audacis

51 1801 54 1807 ,
136 1743 271 1815 lasciviae
284 1741 409 1816 pretium
422 1744 466 1793 est
476 1738 610 1813 voluptas
624 1741 826 1813 spectantium.
872 1804 881 1817 ·

196 1838 312 1906 Aleam,
337 1834 415 1911 quod
440 1836 552 1906 mirere,
577 1836 666 1891 sobrii
688 1836 767 1891 inter
791 1837 867 1893 seria
891 1843 1018 1895 exercent

136 1943 221 1994 tanta
234 1934 366 1991 lucrandi
380 1932 556 2007 perdendive
570 1933 744 2003 temeritate,
761 1939 802 2004 ut,
818 1954 912 2008 quum
931 1934 1019 1992 omnir

136 2033 312 2100 defecerunt,
328 2033 458 2084 extremo
475 2045 507 2082 ac
525 2027 682 2083 novissimo
702 2029 780 2084 iactu
794 2029 831 2086 de
844 2029 981 2088 libertate
992 2047 1019 2085 cc

137 2128 172 2185 de
194 2143 311 2199 corpore
331 2122 517 2178 contendant.
559 2119 667 2178 Victus
686 2122 886 2179 voluntariam
906 2125 1020 2181 servitu·

89 2233 96 2287 ,’
137 2231 197 2279 tem
216 2220 278 2276 adit
290 2240 299 2291 3
326 2218 458 2293 quamvis
479 2217 619 2287 iuvenior,
640 2219 773 2291 quamvis
795 2218 946 2276 robustior
967 2220 1020 2276 alli·-

136 2319 199 2394 gari
220 2335 250 2372 se
269 2335 302 2372 ac
322 2315 424 2393 mirice
442 2315 562 2388 patitur.
605 2314 650 2370 Ea
670 2318 714 2368 est
735 2313 766 2368 in
780 2333 812 2370 re
825 2333 918 2389 prava
937 2315 1021 2392 pervi-

137 2414 236 2484 cacia;
266 2413 323 2487 ipsi
345 2413 432 2467 tidem
454 2416 566 2467 vocant.
614 2411 718 2467 Servos
742 2412 921 2470 condicionis
943 2413 1021 2470 huius

137 2531 189 2587 per
203 2510 372 2566 commercia
385 2507 514 2578 tradunt,
530 2513 565 2563 ut
579 2525 608 2563 se
622 2525 737 2581 quoque
758 2507 869 2581 pudore
889 2509 1022 2566 victoriae

138 2606 299 2664 exsolvant.

71 2748 107 2798 N,
121 2724 147 2789 ὁ
198 2700 303 2759 XXV.
324 2699 461 2794 (peteris
489 2699 579 2755 servis
606 2717 665 2754 non
696 2699 729 2755 in
756 2707 892 2758 nostrum
921 2719 1024 2759 morem

138 2797 290 2871 descriptis
316 2814 369 2870 per
396 2794 536 2849 familiam
562 2794 732 2851 ministeriis
759 2791 928 2874 utuntur)
943 2797 1024 2853 Suam

139 2895 261 2969 quisque
275 2891 380 2959 sedem,
396 2907 461 2947 suos
478 2893 596 2962 penates
610 2888 692 2962 regit.
736 2887 894 2946 Frumenti
914 2892 1023 2947 modum

139 2988 275 3045 dominus
295 2992 347 3041 ant
367 2984 478 3060 pecoris
498 2989 549 3039 aut
563 2984 652 3039 vestis
671 2989 707 3039 ut
727 2983 827 3040 colono
848 2985 986 3063 iniungit,
999 2990 1025 3041 et

139 3101 240 3140 servus
260 3081 504 3163 hactenusparet
514 3097 523 3149 5
547 3085 642 3134 cetera
662 3078 765 3135 domus
785 3081 880 3138 officia
900 3101 978 3137 uxor
998 3099 1026 3136 cc

140 3158 226 3236 libeii
239 3152 461 3252 exsequuntuif
475 3154 655 3229 ‘Verberare
673 3191 791 3229 servum
809 3193 843 3230 ac
857 3176 984 3231 vinculis
1001 3182 1027 3231 et

141 3293 226 3350 opere
245 3291 373 3329 coercere
394 3289 512 3342 rarum,
533 3269 661 3325 occidere
679 3270 781 3340 solent,
801 3289 861 3328 non
880 3272 1028 3350 disciplina

142 3379 173 3428 et
200 3371 361 3442 severitate,
390 3368 441 3427 sed
462 3368 576 3445 impetu
597 3373 627 3424 et
650 3368 702 3441 ira,
727 3373 761 3424 ut
784 3367 947 3442 inimicum,
975 3369 1028 3426 nisi

971 3488 989 3521 Ι
