2212 3682
258 158 475 233 GERMANM
504 172 826 238 XXX—XXXVII.
947 174 986 235 19

64 316 67 321 ·
97 301 259 360 traduntur
263 322 273 376 3
307 303 417 379 excipit
446 302 524 360 filius
550 321 618 375 non,
646 307 682 360 ut
711 307 813 375 cetera,
841 305 988 363 maximus

42 470 44 475 Ι
95 404 180 472 natu,
196 400 245 456 sed
258 406 347 475 prout
358 400 442 458 ferox
454 400 532 463 bello
545 405 576 458 et
588 399 697 457 melior.

158 495 318 552 XXXIII.
360 496 452 552 quta
469 495 625 552 Tencteros
647 495 782 552 Bructeri
801 496 871 553 olim
892 516 988 556 occur·

93 594 203 651 rebant
208 614 217 665 3
238 612 317 650 nunc
344 592 505 650 Ohamavos
531 597 562 648 et
588 591 782 666 Angrivarios
808 593 987 668 immigrasse

94 694 242 761 narratur,
257 689 348 764 pulsis
362 688 512 745 Bructeris
527 706 561 744 ac
574 687 692 762 penitus
709 686 812 745 excisis
824 688 988 748 vicinarum

94 803 239 842 consensu
260 784 413 841 nationum
439 801 491 840 seu
517 783 669 859 superbiae
691 784 765 851 odio,
789 803 841 841 seu
864 787 987 861 praedae
1072 826 1075 833 2

94 880 260 952 dulcedine,
279 898 330 938 seu
347 880 446 937 favore
464 881 591 956 quodam
607 897 676 954 erga
693 897 746 937 nos
764 879 899 954 deorum;
917 901 987 940 nam
1100 919 1102 923 -

93 995 136 1033 ne
154 976 317 1051 spectaculo
334 975 453 1052 quidem
475 975 579 1060 proelii
604 975 742 1032 invidere.
786 975 881 1051 Super
906 996 987 1034 sexa-

94 1073 181 1147 ginta
208 1072 289 1128 milia
314 1091 374 1128 non
400 1071 488 1127 armis
514 1071 639 1147 telisque
657 1070 806 1142 Romania,
827 1072 885 1139 sed,
909 1073 987 1148 quod
1085 1088 1088 1093 ’

94 1166 330 1242 magnificentius
357 1171 408 1237 est,
434 1167 620 1225 oblectationi
643 1167 792 1242 oculisque
811 1167 985 1230 ceciderunt.

95 1261 229 1336 Maneat,
240 1283 353 1340 quaeso,
365 1265 508 1340 duretque
521 1264 662 1340 gentibus,
680 1265 705 1321 si
717 1284 777 1321 non
791 1284 872 1322 amor
884 1267 984 1340 nostri,

95 1366 131 1417 at
153 1366 231 1418 certe
247 1362 347 1419 odium
367 1361 421 1432 sui,
447 1362 564 1437 quando
589 1361 762 1435 urgentibus
786 1360 902 1437 imperii
918 1363 987 1420 fatis

94 1455 174 1511 nihil
187 1456 245 1513 iem
253 1462 400 1532 praestare
409 1455 642 1512 Fortunamaius
652 1462 748 1532 potest
757 1476 846 1533 quam
856 1457 986 1515 hostium

59 1630 62 1634 Ι
95 1551 279 1610 discordiam.
899 1588 900 1592 κ

158 1647 314 1707 XXXIV.
356 1649 549 1729 Angrivarios
576 1655 615 1708 ‘et
648 1651 810 1708 Ohamavos
850 1672 868 1708 a
904 1659 987 1728 tergo

95 1745 254 1821 Dulgibini
274 1752 304 1803 et
323 1746 474 1805 Chasuarii
493 1748 623 1821 cludunt,
641 1750 772 1826 aliaeque
791 1756 891 1825 gentes
907 1751 987 1808 haud

94 1841 218 1916 perinde
235 1849 423 1916 memoratae3
444 1864 463 1900 a
477 1844 573 1902 fronte
592 1845 680 1902 Frisii
695 1847 854 1922 excipiunt.
895 1848 988 1906 Maio-

94 1936 179 1993 ribus
204 1938 421 2014 minoribusque
447 1938 550 1996 Frisiis
572 1940 746 1997 vocabulum
773 1946 817 1997 est
840 1960 878 1998 ex
901 1942 987 1998 modo

94 2033 214 2092 virium.
255 2035 408 2112 Utraeque
421 2037 555 2094 nationes
567 2057 660 2114 usque
673 2038 711 2095 ad
721 2038 869 2095 Oceanum
881 2039 986 2096 Rheno

94 2138 318 2212 praetexuntiu‚
351 2133 543 2210 ambiuntque
576 2133 730 2191 immensos
762 2134 882 2210 insuper
907 2137 986 2194 lacus

94 2237 127 2287 et
150 2229 291 2286 Romanis
312 2228 450 2287 classibus
473 2231 631 2306 navigates
674 2230 777 2305 Ipsum
801 2233 874 2305 quin
897 2232 985 2289 etiam

96 2326 246 2385 Oceanum
261 2326 314 2382 illa
328 2327 516 2394 tentavimus
533 2331 563 2383 et
575 2345 723 2401 superesse
739 2327 833 2383 adhuc
847 2327 986 2386 Herculis

94 2423 246 2480 columnas
276 2424 353 2479 faura
386 2422 526 2498 vulgavit,
555 2422 617 2480 sive
643 2422 717 2479 adiit
744 2422 895 2495 Hercules,
924 2443 983 2496 seu,

94 2520 236 2598 quicquid
261 2519 369 2595 ubique
392 2518 579 2595 magnificum
606 2524 658 2589 est,
682 2518 714 2574 in
738 2518 900 2576 claritatem
923 2521 986 2578 eius

94 2617 204 2674 referre
238 2615 439 2673 consensimus.
492 2615 555 2671 Nec
589 2615 682 2671 defuit
714 2616 853 2673 audentia
887 2618 986 2675 Druso

96 2712 277 2784 Germanico,
298 2712 350 2769 sed
369 2712 485 2768 obstitit
504 2713 636 2768 Oceanus
651 2712 684 2767 in
700 2729 731 2768 se
747 2711 833 2768 simul
849 2718 937 2788 atque
953 2714 986 2770 in

96 2808 258 2866 Herculem
272 2808 388 2884 inquiri
420 2807 495 2865 Mox
504 2826 590 2863 nemo
603 2808 739 2879 tentavit,
754 2810 939 2884 sanctiusque
952 2828 986 2866 ec

95 2904 278 2962 reverentius
291 2905 386 2960 visum
400 2905 435 2961 de
448 2904 520 2961 actis
533 2904 652 2961 deorum
666 2906 780 2962 credere
794 2925 881 2980 quam
894 2905 973 2962 scire.

156 2999 295 3056 XXXV.
338 3000 491 3057 Hactenus
521 3000 554 3056 in
590 3001 767 3058 occidentem
800 3001 987 3058 Germaniam

95 3096 239 3153 novimus.
282 3094 321 3151 In
337 3095 565 3171 septentrionem
582 3096 697 3172 ingenti
714 3097 793 3153 flexu
810 3097 897 3154 redit.
937 3098 986 3155 Ac

96 3191 192 3267 primo
210 3190 310 3247 statim
325 3190 508 3248 Chaucorum
527 3211 605 3267 gens,
628 3211 805 3268 quamquam
825 3192 948 3268 incipiat
969 3208 987 3249 a

96 3286 201 3344 Frisiis
225 3304 258 3342 ac
278 3292 392 3362 partem
415 3287 510 3345 litoris
533 3294 661 3366 occupet,
685 3289 828 3362 omnium,
847 3307 924 3364 quas
942 3308 995 3344 en·

90 3383 184 3457 posui,
202 3384 335 3457 gentium
351 3381 495 3445 lateribus
513 3386 703 3464 obtenditiu,
719 3387 819 3448 donec
832 3385 872 3442 'iu
887 3382 1023 3439 Quassus

867 3477 960 3541 ‘ir-‘2
