2206 3682
80 163 118 221 30
337 159 540 222 CORNELII
566 159 711 220 rlorrl

79 311 145 349 cum
159 291 265 363 amissi,
282 296 328 349 tot
347 292 487 348 militares
506 290 564 348 viri
582 309 649 347 curn
667 295 714 368 tot
733 289 900 349 cohortibus
917 309 966 346 ex·

80 388 204 469 pugnati
222 392 252 443 et
271 388 368 462 capti,
387 406 441 445 nec
457 387 517 444 iam
538 387 575 444 de
594 386 690 443 limite
711 385 827 462 imperii
844 391 876 443 et
894 386 965 462 ripa,

80 483 131 539 sed
158 483 193 539 de
214 482 344 540 hibernis
364 481 511 558 legionum
531 488 562 539 et
588 481 764 557 possessione
787 480 964 539 dubitatum

39 641 41 647 ,
81 577 132 635 Ita
148 596 214 635 oum
234 577 341 635 damna
361 577 474 634 damnis
496 577 744 647 continuarentur,
767 581 855 650 atque
874 575 968 634 omnis

81 692 174 730 annus
198 673 348 731 funeribus
371 679 402 730 et
429 674 559 731 cladibus
578 674 774 749 insigniuntur,
797 674 969 749 poscebatur

82 787 132 826 ore
159 769 240 844 vulgi
264 769 324 825 dux
351 768 497 844 Agricola,
526 769 761 845 comparantibus
788 770 901 826 cunctis
926 769 968 826 vi·

81 885 180 942 gorem
204 873 234 924 et
262 868 455 924 constantiam
485 872 517 924 et
544 872 698 942 expertum
725 867 810 925 bellis
838 866 969 924 animum

82 983 149 1032 cum
176 964 285 1021 inertia
311 968 341 1021 et
366 962 521 1020 formidine
547 968 714 1021 ceterorum.
775 962 889 1032 Quibus
915 983 969 1021 ser·

82 1059 216 1116 monibus
236 1059 307 1116 satis
333 1063 446 1116 constat
472 1059 637 1116 Domitiani
662 1079 776 1136 quoque
798 1078 883 1116 aures
909 1079 969 1115 ver-

82 1156 204 1228 beratas,
232 1157 304 1213 dum
329 1157 457 1231 optimus
483 1156 606 1231 quisque
629 1156 800 1213 libertorum
820 1175 918 1213 amore
941 1164 970 1212 et

82 1254 147 1325 fide,
172 1253 291 1330 pessimi
311 1252 493 1327 malignitate
515 1259 545 1308 et
566 1252 656 1309 livore
678 1271 802 1328 pronum
823 1251 970 1331 deteriori-

83 1351 138 1408 bus
154 1351 313 1426 principem
327 1350 559 1407 exstimulabant
602 1350 650 1408 Sic
659 1350 797 1426 Agricola
809 1349 898 1406 simul
911 1351 970 1405 suis

83 1446 252 1516 virtutibus,
280 1445 368 1503 simul
396 1444 477 1502 vitiis
507 1432 632 1503 aliorum
663 1445 696 1501 in
726 1445 819 1520 ipsam
847 1444 970 1520 gloriam

84 1559 218 1617 praeceps
230 1540 377 1615 agebatur.

144 1635 246 1694 XLIL
302 1635 417 1692 Aderat
442 1636 501 1693 iam
528 1654 630 1708 annus,
654 1653 712 1712 quo
735 1635 970 1711 proconsulatum

84 1731 175 1791 Asiae
201 1736 232 1788 et
253 1730 374 1789 Africae
400 1731 560 1797 sortiretur,
587 1735 618 1788 et
644 1731 734 1799 occiso
758 1729 858 1786 Civica
879 1749 972 1805 nuper

84 1847 138 1885 nec
157 1827 312 1903 Agricolae
330 1827 482 1885 consilium
498 1827 597 1884 deerat
614 1845 667 1884 nec
684 1826 853 1882 Domitiano
875 1845 970 1884 exem-

85 1924 174 2000 plum.
216 1925 371 1982 Accessere
393 1922 512 1999 quidam
534 1923 743 1999 cogitationum
764 1920 905 1997 principis
924 1941 971 1998 pe-

85 2020 145 2091 riti,
161 2019 212 2096 qui
223 2019 356 2076 iturusne
369 2024 443 2075 essm
463 2017 496 2074 in
514 2017 693 2094 provinciam
712 2017 789 2073 ultro
802 2016 971 2092 Agricolam

85 2114 304 2192 interrogarent.
345 2114 393 2171 Ac
409 2115 503 2191 primo
522 2115 663 2171 occultius
682 2114 810 2189 quietem
828 2119 859 2172 et
879 2115 970 2172 otium

86 2211 212 2284 laudare,
241 2231 311 2270 mox
338 2230 454 2287 operam
480 2229 562 2268 suam
587 2211 620 2267 in
647 2210 830 2288 approbanda
855 2229 971 2269 excusa-

86 2307 167 2364 tione
193 2308 313 2379 offerre3
338 2311 482 2381 postremo
509 2324 569 2362 non
595 2305 654 2362 iam
680 2305 794 2363 obscuri
819 2307 972 2365 suadentes

80 2399 174 2460 simul
195 2406 394 2475 terrentesque
413 2406 580 2476 pertraxere
603 2401 640 2457 ad
661 2400 870 2458 Domitianum.
914 2402 972 2470 Qui

87 2501 206 2572 paratus
232 2496 424 2567 simulatione,
453 2496 485 2552 in
516 2497 710 2570 arrogantiam
741 2497 917 2573 compositus
943 2505 972 2557 et

88 2591 182 2647 audiit
217 2609 313 2665 preces
347 2590 518 2662 excusantis,
555 2597 585 2649 et
612 2610 701 2666 quum
741 2593 898 2664 annuisset,
926 2595 972 2669 agi

88 2687 145 2743 sibi
165 2687 272 2761 gratias
292 2704 394 2762 passus
413 2693 467 2757 est,
489 2705 542 2743 nec
563 2687 681 2743 erubuit
699 2688 832 2745 beneficii
852 2689 970 2745 invidia

89 2784 233 2842 Salarium
255 2789 362 2855 mmen,
384 2783 582 2860 proconsulari
602 2784 718 2841 solitum
743 2785 841 2842 offerri
860 2791 891 2843 et
911 2786 974 2861 qui·

90 2880 211 2936 busdam
237 2899 256 2936 a
281 2880 395 2956 seipso
419 2899 592 2951 concessum,
616 2880 769 2955 Agricolae
795 2899 857 2937 non
883 2881 971 2952 dedit,

89 2975 150 3030 sive
176 2974 302 3030 offensus
332 2992 392 3030 non
421 2974 556 3050 petitum,
584 2976 645 3032 sive
666 2994 704 3033 ex
722 2977 906 3049 conscientia,
926 2995 971 3048 ne,

90 3069 168 3145 quod
188 3075 330 3140 vetuerat,
351 3069 500 3126 videretur
520 3070 628 3128 emissa
675 3071 830 3147 Proprium
854 3072 974 3131 humani

90 3164 201 3239 ingenii
226 3172 271 3222 est
300 3165 401 3237 odisse,
425 3184 511 3240 quem
540 3165 656 3223 laeseris
667 3184 677 3236 ;
714 3165 878 3224 Domitiani
906 3187 975 3227 vero

91 3268 203 3333 natura,
225 3281 359 3339 praeceps
371 3263 403 3319 in
422 3263 503 3336 nam,
523 3269 554 3320 et
573 3283 630 3340 qno
650 3265 797 3324 obscurior
815 3285 850 3323 eo
869 3267 975 3325 imavo·

90 3357 220 3426 uabilior,
241 3359 439 3418 moderatione
465 3365 563 3418 tamen
590 3360 801 3437 prudentiaque
820 3361 974 3439 Agricolae
