2206 3682
478 118 612 192 VITA

169 311 357 390 GNAEI
391 312 418 388 J
421 311 546 388 ULII
577 313 911 391 AGRICOLAE.

106 619 206 663 1.—111.
227 639 229 643 ·
250 604 368 663 Tacitae
391 606 546 681 apolopioes
558 606 614 681 sor
637 607 756 683 ‹ffirtap
778 609 935 686 bioproplrp
956 621 984 671 to

137 713 178 749 osa
194 712 246 768 apo
260 692 358 765 aaut,
381 692 485 767 ttoaqt
502 693 585 751 better
605 695 667 751 aad
684 715 762 753 more
780 697 897 772 lwpesal
914 699 984 757 ttao

138 780 182 837 aa
209 779 319 836 terrible
342 779 448 854 period
470 779 508 853 of
521 779 681 852 Domitian,
705 802 765 840 eoae
787 784 849 841 still
874 805 904 842 oo
925 785 984 860 far

137 863 328 923 malbod
335 884 369 922 aa
383 873 409 922 to
418 865 519 940 profer
537 866 639 925 satirae
652 887 690 924 on
703 869 761 926 otoo
776 878 803 927 to
817 870 861 927 tte
870 872 984 945 moiseo

43 1026 47 1037 Ι
136 951 279 1026 ofoirtm.

43 1094 48 1105 ·
157 1079 183 1136 Ι.
228 1077 379 1136 Clarorum
411 1077 542 1135 virorum
573 1079 649 1136 facta
680 1100 831 1157 moresque
860 1084 984 1167 posteris

97 1177 220 1248 tradere,
242 1175 406 1252 antiquitus
421 1177 572 1248 usitatum,
591 1197 629 1234 ne
649 1178 757 1235 nostris
777 1180 895 1254 quidem
913 1185 984 1236 tem-

95 1272 218 1348 poribus
248 1290 426 1347 quamquam
456 1272 600 1329 incuriosa
626 1293 744 1331 suorum
770 1279 850 1330 aetas
876 1275 982 1346 omisit,

95 1367 234 1443 quotiens
249 1386 354 1442 magna
368 1367 466 1442 aliqua
482 1386 515 1423 ao
528 1368 634 1423 nobilis
648 1368 742 1424 virtus
755 1369 827 1424 vicit
843 1389 876 1425 ao
889 1389 985 1445 super-

94 1484 195 1542 gressa
214 1470 261 1521 est
279 1462 387 1520 vitium
406 1464 505 1540 parvis
526 1464 696 1540 magnisque
718 1465 885 1522 civitatibus
909 1485 984 1522 oom-

94 1580 194 1631 mune,
222 1560 417 1636 ignorantiam
449 1560 522 1616 recti
554 1566 584 1616 et
612 1560 761 1619 invidiam.
819 1560 876 1617 Sed
906 1561 985 1637 apud

93 1658 208 1734 priores
228 1644 269 1714 ut⁸
287 1675 371 1733 agero
395 1656 483 1732 digna
506 1663 667 1713 memoratu
689 1676 815 1732 pronum
836 1659 984 1733 magisque

93 1753 129 1835 in
153 1757 261 1827 aperto.
279 1758 349 1824 erat,
374 1752 417 1808 ita
440 1752 642 1809 celeberrimus
666 1753 788 1828 quisque
810 1753 927 1828 ingenio
947 1754 985 1811 ad

93 1840 275 1926 prodendam
296 1848 415 1905 virtutis
435 1850 604 1906 memoriam
625 1851 687 1906 sine
706 1851 801 1925 gratia
822 1856 875 1906 aut
894 1851 984 1906 ambi-

93 1946 178 2002 tione
190 1944 283 2000 bonao
295 1948 414 2000 tantum
427 1945 620 2011 conscientiae
632 1945 725 2020 pretio
740 1944 905 2000 ducebatur.
935 1943 984 2001 Ao

94 2042 229 2119 plerique
255 2059 338 2097 suam
369 2041 424 2116 ipsi
453 2041 545 2097 vitam
577 2060 695 2097 narrare
726 2040 861 2120 tithan-iam
887 2041 984 2114 potius

94 2154 212 2194 morum
230 2154 319 2210 quam
341 2136 536 2210 arrogantiam
555 2136 688 2192 arbitrati
706 2142 783 2209 sunt,
803 2155 855 2192 neo
873 2136 904 2192 id
924 2135 985 2191 Ru·

93 2234 161 2292 tilio
176 2240 207 2291 et
223 2233 332 2290 Scauro
345 2232 419 2289 citra
431 2234 519 2290 fidem
535 2239 586 2290 aut
593 2233 803 2289 ¹'obtrectationi
818 2233 892 2304 fuit3
913 2233 984 2289 adeo

94 2331 223 2387 virtutes
235 2328 340 2385 iisdem
353 2329 532 2405 temporibus
547 2318 656 2406 optime
669 2329 867 2399 aestimantur,
879 2330 984 2404 quibus

51 2478 59 2493 ἒ
94 2425 234 2484 facillime
254 2424 422 2499 gignuntur.
465 2426 511 2482 At
529 2445 607 2482 nuno
624 2430 777 2481 narraturo
798 2425 872 2480 mihi
891 2425 983 2482 vitam

95 2521 229 2579 dafrmoti
246 2520 374 2578 hominis
387 2522 473 2579 venia
487 2540 558 2598 opus
574 2520 649 2596 fuit3
669 2540 764 2599 quam
775 2540 843 2578 non
853 2523 1002 2598 petissem

87 2618 273 2671 monasterus
286 2619 345 2672 tam
358 2634 446 2676 saera
462 2626 495 2711 et
507 2619 623 2681 infesta
636 2620 812 2681 virtutibus
823 2626 981 2696 tempora..

101 2728 124 2771 n
143 2720 197 2765 m.
931 2713 959 2769 b
