2206 3682
252 189 471 253 arsuram
494 189 825 252 xxxma-xiv.
856 152 859 159 ’
944 195 980 254 21

93 323 169 381 Non
190 321 313 393 Samnis,
341 341 400 380 non
422 321 522 396 Poeni,
550 343 610 379 non
637 323 800 400 Hispaniae
827 325 981 399 Galliaeve,

93 441 135 479 ne
153 419 259 476 Parthi
274 420 392 494 quidem
408 421 521 495 saepius
536 420 719 478 admonuere.
762 421 877 498 Quippe
895 442 984 498 regno

93 517 220 574 Arsacis
238 516 333 573 acrior
351 521 395 574 ost
412 515 622 574 Germanorum
641 517 769 577 libertas.
811 519 890 590 Quid
907 521 984 577 enim
1017 569 1019 572 ,

93 613 180 670 aliud
192 612 276 670 nobis
289 631 378 688 quam
391 612 506 669 caedem
521 612 631 691 Crassi,
639 615 743 671 amisso
757 621 787 672 et
799 616 861 690 ipse
875 616 985 674 Pacoro

93 711 177 768 inira
194 709 369 767 Ventidium
391 709 519 771 deiectus
542 711 638 767 oriens
660 712 813 770 obieceriti
847 713 893 771 At
915 713 985 770 Ger-

94 808 180 865 mani
201 807 333 865 Carbone
355 813 386 864 et
409 807 515 879 Cassi0,
537 814 567 865 et
588 809 697 867 Scauro
715 811 847 883 Aurelio,
871 818 901 869 et
921 813 986 869 Ser·

93 905 171 963 vilio
193 903 345 979 Caepione,
360 904 462 962 Marco
482 924 597 981 quoque
614 905 728 963 Manlio
744 907 815 964 fusis
830 909 875 964 vel
893 909 985 984 captis

94 1004 230 1078 quinque
249 1003 343 1060 simul⁴
359 1003 523 1060 consulares
544 1004 690 1061 exercitus
713 1006 820 1082 populo
843 1006 983 1078 Romano,

96 1099 217 1156 Varum
229 1100 341 1176 trisque
354 1119 421 1156 cum
434 1119 468 1156 eo
484 1100 611 1174 legiones
626 1101 716 1158 etiam
729 1099 844 1159 Caesari
860 1103 986 1159 abstule-

95 1201 172 1251 runt
177 1213 187 1265 ;
206 1214 260 1252 nec
274 1194 395 1270 impune
416 1195 447 1253 C.
471 1195 584 1253 Marius
604 1196 637 1252 in
658 1196 757 1268 Italia,
781 1197 867 1254 divus
890 1197 986 1254 Iulius

95 1292 131 1349 in
155 1292 259 1364 Gallia,
286 1292 402 1350 Drusus
427 1311 461 1350 ac
487 1293 567 1349 Nero
595 1298 625 1350 et
652 1293 841 1350 Germanicus
867 1294 899 1350 in
925 1294 986 1351 suis

96 1407 148 1445 eos
172 1387 287 1445 sedibus
308 1389 505 1464 perculerunt.
544 1389 620 1447 Mox
642 1390 776 1465 ingentes
797 1390 830 1448 C.
856 1389 986 1448 Caesaris
1068 1418 1071 1422 ’

96 1483 197 1540 minae
232 1483 264 1540 in
300 1483 461 1541 ludibrium
496 1503 603 1542 versae.
644 1485 721 1544 Inde
757 1487 858 1562 otium,
895 1488 986 1544 donec

96 1581 248 1638 occasione
266 1563 424 1639 discordiae
442 1587 559 1639 nostrae
578 1588 609 1638 et
626 1583 757 1639 civilium
774 1602 921 1639 armorum
938 1603 987 1640 ex·

95 1676 237 1752 pugnatis
255 1675 402 1752 legionum
422 1677 551 1734 bibernis
571 1678 659 1734 etiam
678 1677 788 1734 Gallias
808 1679 986 1746 affectavere,

95 1793 132 1829 ac
154 1791 254 1828 rursus
274 1772 343 1830 inde
361 1773 440 1848 pulsi
457 1772 598 1848 proximis
616 1773 795 1849 temporibus
813 1773 988 1848 triumphati

95 1868 194 1944 magis
208 1887 295 1943 quam
308 1868 380 1924 victi
393 1875 470 1926 suut.

94 2036 339 2079 xxxw11..—xnv
380 2020 484 2080 Suedio
507 2022 598 2095 tates,
622 2022 739 2082 between
765 1993 809 2082 the
830 2022 871 2079 El
860 2023 902 2080 hho
928 2022 990 2082 ared

147 2107 260 2167 Vistula
261 2108 489 2184 .Peeahority
507 2110 598 2168 which
617 2109 852 2186 dhtihpuiaheot
841 2109 884 2166 the
901 2108 989 2168 Saevi

129 2195 219 2270 from
237 2153 281 2255 the
303 2197 380 2255 other
401 2196 547 2258 Camacas.
590 2198 648 2258 I'hc
672 2198 832 2269 Semnones,
855 2198 898 2255 the
918 2207 988 2256 necat

138 2284 257 2341 αααὶααι
277 2286 339 2342 aad
349 2285 473 2358 famous
496 2286 533 2360 of
550 2286 621 2344 thece
639 2286 741 2355 tribou
762 2286 835 2343 their
854 2285 990 2359 rch‘pioae

136 2371 209 2428 ritca
226 2373 290 2429 aad
300 2373 401 2431 samad
409 2393 514 2447 proces.
558 2373 615 2431 I'he
628 2373 817 2448 Lmvpohde.
863 2371 989 2448 Worahip

81 2489 86 2503 ι
136 2457 227 2532 ofthe
240 2459 340 2516 Eosrth.
370 2459 472 2518 Stwcie
490 2461 573 2518 tribea
588 2461 674 2541 oiohp
691 2461 735 2518 the
748 2459 876 2518 Donate.
918 2460 1001 2517 Her-¹

137 2546 289 2619 mundari,
305 2547 516 2619 Marecmoatm',
534 2547 637 2617 Quadi.
684 2547 811 2622 Worahe'p
824 2548 989 2620 resembling}

137 2633 202 2689 thaat
221 2632 258 2706 of
273 2591 373 2692 Castor
394 2636 455 2692 ohd
467 2635 576 2693 Pothus
594 2644 727 2708 octoapt
709 2635 759 2692 the
777 2634 988 2694 Nohomrrcoh'.

139 2719 200 2777 I'he
221 2719 321 2792 Harii,
349 2721 422 2780 their
448 2732 565 2780 echome
582 2722 689 2796 ferocit
688 2743 715 2797 y.
758 2723 816 2781 The
843 2721 988 2780 Cothonea.

141 2807 203 2866 The
216 2806 346 2881 Suiones,
361 2829 381 2866 α
394 2809 538 2867 moritc'mc
552 2809 629 2867 tribe.
664 2809 734 2868 Scor
748 2809 858 2884 beyond
869 2808 912 2866 the
925 2807 991 2866 Sat

136 2916 212 2956 orrea.
256 2896 314 2953 The
338 2896 561 2955 Aestii-amhae·
578 2895 682 2970 found
703 2897 738 2954 αα
763 2897 837 2954 their
856 2905 990 2970 country,·

135 2984 176 3055 ite
189 2991 295 3040 notem
307 2984 369 3040 osred
376 2983 541 3059 proportior.
585 2983 643 3042 The
656 2983 774 3041 Sitorwa

158 3109 351 3168 XXXVIII.
392 3110 483 3168 Nunc
521 3112 559 3169 do
599 3111 703 3169 Suevis
743 3109 898 3167 dicendum
935 3115 987 3181 est,

93 3225 225 3285 quorum
258 3226 319 3264 non
353 3226 421 3280 una,
456 3213 492 3264 ut
526 3207 700 3266 Chattorum
734 3208 988 3280 Tencterorumve,

92 3324 186 3384 gens;
219 3305 359 3363 maiorem
392 3307 471 3363 onim
501 3305 674 3365 Germaniae
703 3312 818 3383 partem
844 3308 988 3374 obtinent,

93 3402 224 3482 propriis
261 3401 356 3460 adhuc
398 3404 567 3461 nationibus
601 3405 825 3480 nominibusque
862 3404 987 3468 discreti.
1035 3453 1041 3466 .
