2206 3682
299 182 505 244 AGRICOLA
532 179 779 240 XIII.—XVIL
942 179 978 236 13

95 312 227 370 Bolanus
246 317 276 370 ct
295 313 384 370 nullis
399 313 512 370 delictis
527 311 639 370 invisus
656 311 810 368 caritatem
827 313 979 384 paraverat

93 411 160 468 loco
173 411 361 467 auctoritatis.

155 505 264 564 XVII.
308 506 365 564 Sed
385 507 436 563 ubi
454 525 520 564 cum
541 512 637 563 cetero
653 505 722 561 orbe
739 502 937 579 Vespasianus
950 507 981 557 et

93 598 283 668 Britanniam
296 603 484 678 recuperavit,
495 601 592 678 magni
603 601 697 672 duces,
709 601 816 676 egregii
827 599 979 664 exercitus,

93 700 212 756 minuta
236 698 365 780 hostium
392 717 463 773 spes.
509 698 551 755 Et
576 703 717 754 terrorem
746 677 846 753 statim
876 695 981 751 intulit

94 796 222 866 Petilius
236 795 365 868 Cerialis,
383 795 557 870 Brigantum
577 795 735 864 civitatem,
754 812 829 868 quae
846 810 980 848 numero·

92 891 211 948 sissima
224 891 388 966 provinciae
401 891 681 968 totiuspcrhibctur,
697 910 852 966 aggressus
881 888 980 946 Multa
1017 909 1019 913 ¹

92 987 213 1062 proclia
251 993 281 1044 et
312 987 469 1063 aliquando
484 1007 561 1044 non
592 989 745 1045 incruenta
751 1006 760 1058 3
788 1004 980 1061 magnamque

92 1083 273 1158 Brigantum
298 1089 411 1158 partem
437 1089 489 1140 aut
512 1083 634 1140 victoria
666 1082 816 1157 amplexus
850 1085 895 1137 cst
927 1085 980 1136 aut
1077 1090 1078 1094 ’

92 1177 181 1235 bello.
224 1176 265 1234 Et
288 1178 408 1236 Cerialis
433 1179 552 1254 quidem
583 1180 702 1236 alterius
734 1178 902 1235 successoris
928 1195 979 1232 cu-

92 1293 158 1330 ram
179 1273 342 1350 famamque
362 1275 504 1332 obruisset
528 1275 579 1332 scd
598 1274 738 1332 sustinuit
753 1274 859 1330 molem
882 1273 979 1332 Iulius

92 1371 264 1442 Frontinus,
275 1371 322 1428 vir
334 1391 464 1448 magnus,
472 1379 617 1449 quantum
626 1372 741 1439 licebat,
751 1370 935 1447 validamque
949 1379 980 1430 et

92 1485 256 1543 pugnacem
272 1467 401 1525 Silurum
415 1474 532 1544 gentem
545 1469 633 1525 armis
646 1467 767 1543 subegit,
789 1487 875 1544 super
887 1469 980 1525 virtu-

91 1569 156 1621 tem
170 1563 298 1620 hostium
311 1564 439 1621 locorum
452 1583 567 1641 quoque
580 1565 764 1622 difficultates
777 1564 927 1622 eluctatus.

92 1699 286 1741 mne-m.
308 1699 369 1741 an.
381 1685 531 1743 78.-A.1>.
545 1683 593 1744 79.
612 1683 934 1758 SuccessesosAqricolo
946 1685 979 1742 ire

133 1769 261 1827 Britain.
303 1769 405 1844 Deserit
431 1770 468 1845 qs
488 1771 531 1828 tlte
560 1770 714 1829 Ordouices.
755 1770 860 1828 Attoclr
881 1792 919 1829 on
936 1771 980 1828 tte

133 1855 235 1913 island
261 1855 299 1931 of
318 1857 416 1914 Moero.
460 1857 565 1915 Terror
594 1846 666 1914 end‘
682 1857 852 1914 sulmmoto
880 1858 918 1931 of
936 1859 980 1916 tlte
1081 1907 1084 1913 .

132 1943 260 2001 Britons.
302 1943 484 2002 Moderatiore
510 1945 573 2001 aad
597 1944 693 2019 equity
706 1944 742 2018 ry*
757 1944 917 2018 Ayricole's
933 1965 980 2019 qo
1073 1940 1076 1946 ’

133 2039 288 2089 vernarent.
316 2031 375 2089 Hie
383 2031 490 2105 reform
503 2031 541 2105 of
547 2033 651 2090 ubuum.
682 2032 717 2087 H
716 2052 729 2089 e
740 2031 896 2089 establiebes
901 2033 980 2104 forts

134 2116 199 2174 ared
212 2117 364 2190 gerrisorrs,
381 2119 444 2175 aad
459 2119 620 2176 introduces
632 2118 747 2175 Romen
766 2117 949 2176 cirilizctr‘ort.

155 2220 282 2279 XVIII.
325 2221 415 2279 Hunc
437 2222 607 2279 Britanniae
627 2228 744 2292 statum,
766 2222 817 2277 has
830 2219 980 2280 bellorum

93 2317 175 2374 vices
188 2316 283 2373 media
296 2317 354 2373 iam
368 2323 476 2374 aestate
492 2322 687 2393 transgressus
704 2316 842 2390 Agricola
856 2316 978 2385 invenit,

93 2433 185 2491 quum
211 2418 242 2470 ct
264 2415 372 2472 milites
393 2414 475 2472 velut
494 2414 600 2471 omissa
619 2413 804 2490 expeditione
822 2414 859 2469 ad
878 2414 981 2469 securi·

94 2517 198 2580 tatem,
223 2514 253 2565 ct
279 2508 375 2566 hostes
401 2510 438 2566 ad
465 2511 641 2567 occasionem
663 2514 853 2567 verterentur.
891 2508 981 2565 Ordo-

95 2609 196 2664 vicum
209 2608 311 2664 civitas
324 2608 402 2665 haud
416 2609 509 2666 multo
522 2613 590 2665 ante
604 2608 763 2664 adventum
778 2607 840 2663 cius
856 2607 931 2662 alam
949 2607 980 2662 in

95 2705 204 2762 finibus
230 2705 291 2761 suis
321 2711 455 2780 agentem
488 2724 577 2781 prope
613 2705 776 2761 universam
814 2703 979 2773 obtriverat,

96 2795 189 2875 eoq'ue
202 2798 288 2855 initio
302 2805 396 2856 erecta
409 2799 571 2875 provincia;
591 2805 621 2856 et
637 2799 742 2874 quibus
759 2799 867 2855 bellum
884 2796 982 2853 volen-

96 2897 178 2953 tibus
211 2900 282 2967 erat,
314 2898 435 2972 probare
466 2897 638 2972 exemplum,
673 2915 706 2952 ac
737 2895 860 2952 recentis
894 2892 983 2967 legati

95 2992 226 3048 animum
250 2991 383 3066 opperiri,
408 3012 499 3068 quum
523 2990 667 3066 Agricola,
693 3009 868 3066 quamquam
891 2993 982 3043 trans·
1071 2977 1074 2982 ¹

96 3094 181 3144 vecta
195 3093 295 3158 aestas,
310 3088 401 3162 sparsi
415 3107 466 3163 per
476 3088 655 3163 provinciam
666 3087 788 3155 numeri,
800 3091 984 3161 praesumpta

97 3183 177 3259 apud
203 3183 328 3240 militem
353 3183 433 3240 ilh'us
458 3184 528 3240 anni
555 3183 644 3258 quies,
673 3183 757 3238 tarda
784 3187 814 3237 et
840 3181 984 3237 contraria

98 3279 209 3336 bellum
236 3278 414 3350 inchoaturo,
446 3283 476 3334 ct
504 3278 648 3354 plerisque
679 3277 817 3334 custodiri
853 3284 984 3352 suspecta

98 3375 197 3451 potius
220 3374 381 3443 videbatur,
407 3375 449 3429 irc
470 3374 586 3431 obviam
603 3372 763 3430 discrimini
780 3373 885 3429 statuit
891 3393 899 3445 3
921 3391 984 3429 con·
1046 3450 1055 3467 Ι
