2212 3682
121 183 138 240 d
376 178 578 240 CORNELII
603 180 743 240 nacla]

119 313 152 369 in
171 312 340 370 universum
361 312 438 368 fam
455 317 499 368 est
525 316 708 386 transgressa
745 312 804 371 Sed
824 313 1004 374 immensum

119 416 150 468 et
168 429 285 467 cnorme
304 409 431 484 spatium
448 408 681 484 procurrentium
694 414 824 467 extremo
837 412 897 468 iam
915 412 1007 472 litore

122 517 262 564 terrarum
288 505 370 562 velut
396 504 428 561 in
455 523 579 561 cuneum
608 511 755 564 tenuatur.
807 506 894 564 Hanc
922 527 1005 567 oram

121 602 268 658 novissimi
285 601 373 657 maris
390 605 461 657 tunc
479 601 606 675 primum
620 600 753 658 Romana
770 601 868 660 classis
881 603 1005 662 circum·

121 703 201 754 vecta
223 696 349 753 insulam
370 714 431 752 esse
454 695 638 752 Britanniam
664 697 827 768 affirmavit,
853 718 887 756 ac
915 700 1005 758 simul

119 793 278 868 incognitas
291 792 328 848 ad
344 791 376 848 id
392 798 507 866 tempus
525 791 642 863 insulas,
658 812 731 868 quas
745 793 871 852 Orcadas
883 804 1003 868 vocant,

18 934 21 939 .
120 889 232 945 invenit
245 888 421 963 domuitque.
463 886 600 968 liispecta
618 894 662 944 est
683 893 713 945 et
734 889 836 961 Thule,
852 890 922 966 quia
938 891 1005 971 bac·

121 991 204 1042 tenus
217 986 335 1055 iussum,
351 991 381 1041 et
398 984 490 1040 hiems
510 983 673 1058 appetebat
715 983 773 1042 Sed
788 1004 867 1042 mare
887 987 1004 1061 pigrum

9 1154 12 1163 ¹
120 1091 149 1141 et
171 1101 258 1159 grave
280 1082 489 1161 remigantibus
499 1101 508 1154 3
530 1081 684 1156 perhibent
709 1102 746 1140 ne
766 1083 861 1140 ventis
882 1086 1004 1160 quidem

3 1220 11 1225 -
120 1178 239 1254 proinde
252 1178 367 1249 attolli3
383 1176 476 1248 dred0,
489 1177 565 1252 quod
579 1178 700 1234 rariores
714 1183 808 1234 terrae
822 1185 1003 1255 montesque,

119 1296 217 1333 caussa
242 1295 275 1332 ac
296 1277 417 1333 materia
439 1280 655 1350 tempestatum,
684 1282 714 1332 et
740 1277 882 1351 profunda
910 1279 1004 1336 moles

13 1392 18 1403 ¹
118 1371 248 1428 continui
271 1374 358 1428 maris
376 1372 488 1428 tardius
511 1371 679 1449 impellitur.
722 1373 868 1431 Naturam
893 1373 1003 1432 Oceani
1041 1396 1043 1403 ·

117 1476 206 1545 atque
218 1474 314 1539 aestus
327 1488 421 1545 neque
434 1489 571 1544 quaerere
586 1469 674 1527 huius
692 1471 785 1546 operis
799 1476 851 1543 est,
866 1489 899 1526 ac
912 1473 1003 1530 multi

64 1556 68 1561 ’
119 1565 262 1626 restare.
295 1565 399 1625 unum
414 1532 742 1641 acueerrslnaquam
755 1566 843 1626 miss
857 1567 1003 1628 dominari

28 1661 50 1693 '¹
118 1684 205 1740 mare,
227 1665 355 1722 multum
378 1664 532 1721 fluminum
555 1662 612 1721 huc
635 1677 724 1738 atque
750 1665 820 1721 illuc
842 1658 933 1732 ferrei
948 1685 1003 1725 nec

118 1759 202 1817 litore
232 1766 318 1817 tenus
348 1778 505 1816 accrescere
535 1765 587 1816 aut
617 1760 765 1831 resorberi,
796 1760 845 1817 sed
877 1760 1003 1819 influere

120 1857 197 1930 penit
198 1876 233 1913 us
243 1858 330 1932 atque
343 1857 460 1927 ambire,
473 1857 524 1912 et
516 1856 591 1932 rugis
602 1857 690 1912 etiam
703 1875 736 1912 ac
749 1856 919 1913 montibus
910 1860 1002 1960 inseri

117 1949 220 2006 velut'
187 1956 244 2006 t1n
257 1969 315 2007 suo.

175 2045 232 2102 XI.
275 2045 410 2102 Ceterum
446 2044 627 2101 Britanniam
662 2047 713 2122 qui
747 2048 882 2104 mortales
913 2049 1002 2109 initio

116 2140 265 2208 coluerint,
291 2140 443 2216 indigenae
469 2159 507 2196 an
534 2140 655 2213 advecti,
684 2147 719 2199 ut
744 2143 825 2200 inter
850 2143 999 2219 barbaros,

116 2256 219 2312 parum
241 2242 428 2312 compertum.
478 2234 609 2292 Habitus
634 2255 786 2312 corporum
806 2238 887 2309 varii,
911 2245 1002 2315 atquo

116 2352 154 2389 ex
170 2351 204 2390 eo
218 2337 393 2408 argumenta
436 2331 572 2407 Namque
587 2333 693 2389 rutilae
715 2333 900 2390 Caledoniam
918 2334 1002 2393 habi·

117 2429 243 2484 tantium
269 2446 374 2498 comae,
403 2427 501 2500 magni
522 2432 604 2483 artus
628 2427 829 2486 Germanicam
855 2430 1001 2505 originem

16 2552 19 2557 ·
113 2527 287 2607 asseverant
330 2520 459 2578 Silurum
476 2520 596 2577 colorati
614 2521 722 2591 vultus,
738 2523 812 2580 torti
827 2517 1000 2601 plerumque

115 2618 215 2690 crines,
231 2625 261 2675 et
273 2618 368 2694 posita
383 2623 484 2674 contra
503 2618 648 2693 Hispania
665 2619 766 2677 Iberos
782 2626 894 2678 veteres
912 2625 1000 2682 traie-

115 2714 187 2770 cisse
208 2731 313 2788 easque
332 2712 413 2769 sedes
432 2731 581 2788 occupasse
600 2713 686 2770 fldem
703 2715 822 2773 sscitant
863 2715 1000 2778 Proximi

15 2816 41 2849 ι·
116 2808 208 2866 Gallis
229 2815 260 2866 et
282 2808 389 2866 similes
416 2812 493 2879 sunt,
521 2827 572 2865 seu
596 2809 723 2883 durante
744 2810 862 2885 originis
882 2812 920 2884 11,
947 2833 1000 2874 seu

17 2944 32 2967 ,„
114 2903 421 2980 procurrentibusin
406 2903 519 2973 diversa
531 2904 600 2960 tc
593 2905 735 2981 positio
746 2907 818 2963 coeh
828 2909 1000 2983 corporibus

114 2999 248 3055 hab1tum
259 2997 348 3056 dedit
380 2997 416 3054 In
430 2998 536 3054 unive
612 3004 710 3056 tamon
720 3002 888 3059 aest1mant1
898 2955 1049 3064 Gallos(

113 3095 239 3151 vicinam
253 3093 378 3151 insulam
391 3111 543 3169 occupasse
556 3095 692 3153 credibile
706 3070 782 3154 est
777 3076 903 3156 Εο111111
916 3118 1001 3159 sacra

3 3210 36 3235 -υ
47 3174 74 3227 *⁰
114 3188 316 3273 deprehendas,
329 3189 568 3266 superstitionum
578 3191 793 3267 persuasiones3
814 3213 907 3255 sermo
916 3194 1042 3256 baud
1011 3190 1042 3239 l·

102 3285 234 3343 multum
266 3285 399 3344 diversus
411 3304 421 3360 3
455 3285 489 3343 in
514 3284 700 3362 deposcendis
730 3288 866 3363 periculis
894 3290 1049 3351 ssdsm:;.„.

34 3368 36 3373 ⁴
84 3379 224 3450 audacia,
244 3387 287 3457 et,
307 3383 363 3443 nbi
384 3383 545 3458 advenere,
563 3383 600 3441 in
619 3383 817 3441 detrectandis
834 3384 1007 3445 ananus

804 3512 808 3517 ·
820 3530 860 3563 ³··.-
875 3478 1049 3621 {salapinae

675 3540 723 3615 spi
730 3554 745 3591 ,ι
753 3556 772 3583 r.

680 3622 690 3643 ,ι
