2212 3682
250 178 466 239 enennrm
496 156 770 241 xvi-mxvii.
853 70 880 233 ll
917 181 954 238 15

852 236 854 243 ι

849 248 853 255 ι

55 308 149 386 quod
182 307 310 386 impune
352 294 468 368 Liberti
498 330 558 368 non
581 311 709 370 multum
741 258 955 388 supredreervos

42 411 159 477 sunt3
179 423 245 462 raro
258 405 376 481 aliquod
394 412 575 465 momentum
593 409 626 465 in
643 409 735 481 domo,
750 427 910 484 numquam
923 407 955 462 in

58 502 196 573 civitate,
212 503 341 579 exceptis
356 503 511 561 dumtaxat
528 489 570 563 iis¹
582 491 724 582 gentibue,
744 523 818 581 queo
836 523 956 580 regnen-

61 603 138 671 tur3
169 597 213 654 ibi
239 600 318 656 enim
341 605 371 656 εὴ
396 620 484 676 super
509 601 650 677 ingenuos
677 607 707 658 et
733 620 819 676 super
844 594 957 657 nobiles

61 694 237 752 ascendunt
280 696 373 771 Apud
390 703 499 755 ceteros
518 697 644 772 imperes
662 696 794 754 libertini
812 695 957 754 libertatis

29 818 33 823 ·
62 799 274 866 argumentum
288 799 365 850 sunt.

45 873 74 944 ³.
128 885 253 943 XXVI.
297 888 395 961 &nus
405 886 531 973 pgitme
557 893 588 944 εὴ
615 886 647 943 in
673 906 775 943 usurus
802 887 957 943 extendere

67 982 215 1057 ignotum,
244 984 367 1059 ideoque
389 969 641 1059 magidservatur
666 1003 753 1059 quam
780 982 806 1038 si
831 983 956 1038 vetitum

36 1126 40 1133 .
65 1085 153 1137 esset
189 1080 267 1155 Agri
279 1100 332 1156 pro
342 1100 464 1138 numero
475 1082 620 1138 cultorum
633 1080 670 1135 ab
683 1078 827 1135 universis
839 1079 871 1134 in
880 1081 957 1134 vices

35 1200 38 1205 ·
66 1183 256 1253 occupantur,
275 1196 346 1252 quos
364 1173 434 1234 mori
447 1176 525 1233 inter
540 1195 571 1232 ee
589 1175 746 1232 secundum
760 1175 958 1249 dignationem

66 1273 248 1350 partiuntur.
291 1273 475 1330 Facilitatem
501 1271 646 1348 partiendi
671 1290 837 1346 camporum
864 1271 958 1346 spatie

67 1375 227 1445 praestant
268 1358 354 1426 'Arva
371 1387 423 1444 per
436 1374 526 1424 annos
544 1372 669 1438 mutent,
689 1373 720 1424 et
737 1379 868 1444 superest
881 1387 955 1443 eger.

66 1463 137 1525 Nec
156 1467 234 1522 enim
260 1486 327 1523 cum
354 1468 488 1523 ubertate
511 1471 541 1522 et
566 1465 759 1540 amplitudine
785 1465 840 1522 soli
861 1466 958 1522 lebore

67 1543 316 1659 egntepduptssit
335 1564 464 1639 pomario
480 1568 640 1634 conserent,
662 1569 693 1618 et
712 1568 796 1637 prete
815 1568 956 1638 separent,
980 1556 1093 1607 V?

68 1664 101 1715 et
116 1657 217 1749 Q
234 1638 433 1736 rigentp)sole
450 1665 544 1715 terrae
562 1677 642 1742 seges
659 1659 826 1733 imperetur.
870 1658 959 1715 Unde

23 1786 30 1802 ·
67 1773 182 1812 annum
196 1775 312 1831 quoque
325 1755 421 1831 ipsum
435 1774 494 1811 non
507 1755 540 1810 in
549 1755 672 1812 totidem
686 1755 823 1830 digerunt
836 1757 942 1830 speeies
949 1775 958 1828 ;

69 1851 166 1909 hiems
183 1857 213 1908 et
226 1872 278 1910 ver
291 1859 322 1908 et
334 1858 428 1909 aestas
446 1852 627 1908 intellectum
641 1871 674 1907 eo
686 1851 827 1907 vocabula
840 1851 957 1924 hebent,

69 1953 207 2010 autumni
220 1954 340 2029 perinde
353 1973 461 2011 nomen
474 1973 508 2010 ec
520 1953 597 2009 bona
610 1954 789 2027 ignorentur.
815 1965 818 1970 ’

133 2049 277 2110 XXVII.
327 2032 482 2107 'Funerum
508 2050 590 2106 nulle
617 2049 744 2106 ambitio.
802 2047 839 2104 Id
865 2047 960 2103 solum

10 2188 12 2193 .
70 2147 251 2220 observatur,
271 2154 306 2204 ut
325 2167 445 2224 corpore
464 2146 749 2204 clarorumvirorum
768 2146 854 2202 certis
873 2145 961 2227 lignis
1063 2155 1065 2160 '

10 2316 14 2321 Ι
71 2250 245 2302 crementur.
288 2245 405 2302 Struem
431 2245 495 2320 rogi
520 2263 573 2301 nee
596 2244 727 2301 vestibus
750 2262 803 2299 nec
825 2242 962 2299 odoribus

71 2340 245 2412 cumulant3
265 2358 318 2397 sua
336 2340 439 2416 cuique
453 2359 541 2406 arma,
556 2339 739 2414 quorumdem
751 2339 813 2414 igni
827 2343 857 2394 εὴ
870 2356 962 2414 equus

70 2435 218 2495 adiicitur.
262 2434 667 2529 Qfflomgnemmmerigd
677 2453 686 2506 3
706 2439 961 2490 monumentorum
1017 2424 1020 2429 ⁶

71 2532 198 2589 arduum
222 2536 252 2587 et
275 2542 426 2607 operosum
452 2531 591 2588 honorem
619 2535 654 2586 ut·
679 2549 795 2605 gravem
819 2530 962 2586 defunctis

71 2631 273 2702 aspernentur.
317 2627 459 2684 Lamenta
479 2646 512 2682 eo
535 2627 669 2683 lacrimas
690 2628 756 2697 cito,
781 2627 909 2684 dolorem
932 2633 963 2684 et

26 2739 30 2745 ·
72 2723 227 2803 tristitiem
240 2725 323 2780 tarde
336 2730 457 2799 ponunt.
488 2722 617 2778 Feminis
630 2723 728 2799 lugere
741 2723 896 2780 honestum
909 2730 960 2796 est,

10 2812 16 2849 ²
73 2818 145 2875 viris
159 2808 332 2891 meminisse.

133 2906 218 2970 Heec
232 2912 264 2969 in
277 2933 430 2970 commune
444 2914 479 2971 de
489 2914 620 2970 omnium
632 2914 842 2971 Germanorum
853 2914 963 2988 origine

20 3082 25 3097 Ι
72 3030 107 3068 ac
134 3011 264 3067 moribus
291 3012 460 3087 occepimus
509 3012 540 3067 N
542 3031 599 3068 unc
625 3013 806 3088 singularum
831 3012 964 3087 gentium

34 3130 38 3139 ·
72 3107 214 3164 instituta
227 3108 368 3183 ritusque,
388 3115 533 3183 quatenus
550 3090 694 3180 different,
710 3129 784 3185 quae
801 3109 964 3165 nationese

74 3202 233 3260 Germania
245 3202 278 3258 in
293 3202 403 3261 Gelli-es
416 3205 678 3280 commigraverint,
694 3204 853 3280 expediam.

72 3364 181 3441 xxrm.
210 3398 292 3441 mm
343 3381 443 3444 mne
477 3384 513 3446 in
539 3385 585 3447 tlte
612 3385 855 3465 ncipitbouriuood
883 3383 915 3458 05
943 3381 993 3436 uu
