2206 3682
258 117 458 181 asareem
486 94 777 181 xxxss-xxxn.
920 124 957 182 aa
1002 185 1003 188 Ν

63 260 161 327 sunt;
180 258 233 312 aut
246 253 328 311 nulla
340 253 485 330 plerisque
498 254 593 329 patria
607 259 660 310 aut
676 254 734 312 alia
753 260 804 314 est.
847 254 958 315 Paucos

59 370 201 423 numero,
223 350 351 426 tlepidos
378 351 549 426 ignorantia,
573 350 684 408 coelum
708 351 803 427 ipsum
826 371 858 409 ac
879 372 959 412 mare

66 455 100 504 et
118 447 216 518 silvas,
229 447 330 522 ignota
347 448 451 518 omnia,
470 447 748 524 circumspectantes,
764 449 875 507 clausos
891 471 960 527 quo-

65 542 226 600 dammodo
239 561 272 598 es
285 542 399 599 vinctis
412 542 455 599 dii
467 543 551 599 nobis
564 543 756 601 tradiderunt.
789 545 837 603 Ne
850 552 959 606 terreat

65 660 167 699 vanus
192 646 324 717 aspectus
346 648 377 698 et
405 641 470 698 auri
496 642 592 719 fulgor
619 649 706 720 atquc
734 646 855 721 argenti,
882 646 960 722 quod

69 758 171 816 neque
192 739 267 814 tegit
293 757 389 814 neque
415 738 558 796 vulnerat.
601 739 639 796 In
659 741 722 816 ipsa
744 739 873 799 hostium
899 742 959 798 acis

64 837 253 894 inveniemus
268 841 382 892 nostras
402 854 505 892 manus
515 855 524 907 3
544 845 699 911 agnoscent
718 837 856 895 Britanni
876 857 960 895 suam

65 952 212 1000 caussam,
250 933 481 990 recordabuntur
514 932 593 1016 Galli
625 934 752 1010 priorem
784 934 972 1006 libertatem,

66 1030 206 1087 deserent
226 1028 292 1086 illos
309 1029 399 1086 ceteri
417 1028 564 1101 Germani,
584 1035 734 1105 tamquam
755 1049 848 1106 nuper
861 1030 961 1107 Usipfi
1047 1026 1049 1033 Α

68 1129 283 1203 relinquamini
325 1126 389 1183 Neo
403 1127 559 1202 quicquam
576 1125 654 1183 ultra
667 1126 848 1199 formidinis,
868 1145 961 1184 vacua

67 1222 199 1294 castella,
214 1240 316 1279 senum
329 1221 467 1293 coloniae,
481 1220 560 1278 inter
572 1221 647 1279 male
660 1228 794 1298 parentes
808 1228 838 1280 et
851 1222 961 1280 iniuste

66 1322 249 1397 imperantes
262 1338 348 1395 aegra
360 1320 520 1395 municipia
533 1326 563 1377 et
576 1320 777 1402 discordantia.
813 1321 875 1378 Hic
888 1321 958 1394 dux,

67 1417 119 1474 hic
133 1416 280 1473 exercitus
291 1436 301 1488 ;
322 1416 383 1472 illic
400 1416 513 1472 tributa
526 1422 557 1474 et
569 1417 688 1474 metalla
701 1423 732 1475 et
744 1425 856 1477 ceterae
874 1421 961 1477 servi·

66 1512 187 1570 entium
199 1529 315 1586 poenoe,
331 1530 402 1586 quas
425 1512 457 1567 in
479 1518 630 1568 aeternum
643 1513 769 1588 perferre
786 1519 839 1570 aut
860 1515 960 1570 statim

66 1610 172 1667 ulcisci
191 1609 224 1666 in
246 1609 301 1665 hoc
320 1627 420 1683 eampo
442 1613 493 1665 est
512 1604 518 1613 ‘
536 1609 662 1666 Proinde
681 1609 753 1666 ituri
772 1609 806 1666 in
825 1610 915 1667 aciem
930 1619 960 1667 et

66 1707 195 1764 maiores
207 1711 319 1762 vestros
332 1711 363 1761 et
376 1711 505 1779 posteros
519 1705 651 1780 cogitate.

65 1865 326 1908 mus-xxm.
362 1846 523 1922 Apricola'a
535 1846 652 1904 ossam
669 1854 696 1904 to
712 1847 757 1904 isis
773 1856 872 1922 troops.
914 1848 961 1908 He

109 1937 240 2004 reminds
263 1935 337 1993 item
357 1934 395 2009 of
408 1933 451 1992 tlte
473 1954 593 2008 cowrape
611 1933 674 1991 aad
690 1935 851 1993 saducaeos
868 1936 961 1995 witich

108 2044 193 2082 aenea
205 2021 294 2097 years’
308 2022 441 2096 military
454 2021 556 2079 service
569 2020 622 2078 iaus
636 2022 727 2092 tested,
746 2021 783 2095 of
791 2021 835 2078 tic
851 2023 961 2097 ccipere

109 2112 256 2170 clawracter
285 2109 322 2185 cs
346 2109 419 2168 their
451 2108 658 2179 actiemmeats,
690 2107 729 2182 of
761 2108 834 2166 their
869 2109 961 2184 cleope

106 2196 174 2256 ean
195 2197 330 2272 position,
355 2195 393 2269 of
415 2195 488 2254 their
518 2194 646 2270 gloriosa
677 2195 739 2267 enci,
764 2195 868 2254 should
896 2198 961 2272 they

108 2287 142 2344 be
168 2285 367 2360 ovepowered,
394 2283 429 2340 io
459 2281 529 2339 these
560 2290 662 2339 rentote
695 2281 758 2339 aad
786 2285 966 2358 amnploreol·

108 2373 231 2447 regions.
275 2371 332 2428 wa
359 2389 465 2444 enemy,
493 2369 526 2426 lte
552 2378 685 2443 scopon,
717 2369 771 2427 lica
803 2372 883 2428 stood
915 2372 961 2429 iris

107 2459 229 2535 promat
244 2459 341 2517 ratker
355 2458 451 2514 ander
469 2455 513 2513 tte
527 2455 667 2531 influenoe
686 2456 724 2530 of
730 2457 822 2532 panio
840 2457 911 2516 tica
930 2459 968 2533 of

108 2545 212 2620 stwdy
225 2545 373 2615 ἅιῦἱὸθνᾳεθ
386 2543 516 2616 bracem.

72 2708 75 2713 .
132 2655 295 2715 XXXIII.
324 2656 473 2731 Excepere
485 2654 645 2712 orationem
659 2654 774 2726 alacres,
786 2661 822 2712 ut
831 2657 961 2714 barbaris

66 2753 176 2825 moris,
183 2758 274 2811 cantu
285 2752 462 2827 fremituque
477 2755 508 2808 et
524 2751 696 2808 clamoribus
711 2751 840 2808 dissonis.
883 2751 962 2808 Iam·

67 2873 129 2931 que
150 2853 274 2928 agmina,
295 2856 491 2908 etei-morum
511 2850 635 2925 fulgores
652 2850 853 2907 audentissimi
869 2839 962 2907 cuius·

67 2968 130 3026 que
143 2965 295 3025 procursu3
309 2946 397 3004 simul
410 2946 609 3003 instruebatur
618 2947 700 3018 acies,
712 2965 804 3021 quum
813 2944 961 3021 Agricola,

68 3062 251 3123 quamquam
284 3042 394 3100 laetum
427 3047 459 3099 et
495 3043 547 3100 vix
582 3041 771 3099 munimentis
806 3041 961 3099 coercitum

69 3139 198 3199 militem
210 3137 426 3196 accendendum
438 3136 533 3195 adhuc
547 3143 635 3208 ratus,
651 3137 694 3194 ita
707 3135 861 3193 disseruit:

74 3280 77 3285 .
132 3235 264 3296 Octavus
276 3253 369 3291 annus
382 3239 433 3304 est,
449 3232 665 3303 commilitones,
680 3252 789 3309 exque
804 3233 916 3292 virtute
932 3239 962 3291 et

69 3330 210 3410 auspiciis
231 3329 351 3408 imperii
378 3328 513 3402 Romani,
541 3327 599 3387 fide
627 3338 716 3406 atque
747 3349 835 3407 opera
864 3336 962 3390 vestra
