2206 3682
82 178 121 236 20
187 169 190 176 ’
346 173 553 235 CORNELII
578 173 720 233 raom
806 187 808 190 ·

80 327 173 384 usque
195 307 335 365 sinuetur.
377 306 450 363 Tam
475 305 650 362 immensum
675 307 959 383 terrarumspatium

80 403 140 465 non
161 413 265 464 tenent
285 411 402 464 tantum
425 405 543 476 Chauci,
566 403 617 462 sed
636 409 667 461 et
686 403 821 480 implent,
845 405 960 480 populus
1002 436 1004 474 5

79 502 159 559 inter
182 502 342 559 Germanos
367 500 572 568 nobilissimus,
601 499 711 575 quique
737 500 961 576 magnitudinem
1002 542 1004 581 :

80 619 162 656 suam
185 598 270 655 malit
292 598 407 654 iustitia
426 597 512 656 tueri.
555 595 624 652 Sine
645 596 814 672 cupiditate,
837 596 900 653 sine
918 596 962 652 im·
1002 590 1004 599 '

80 694 220 769 potentia,
258 694 351 768 quieti
385 693 546 768 secretique
576 691 658 749 nulla
690 703 853 768 provocant
886 693 962 763 belia,

80 791 170 847 nuliis
190 790 323 864 raptibus
344 795 397 846 aut
417 788 579 846 latrociniis
600 788 787 867 populantur.
831 789 871 845 Id
892 809 963 865 prae·

81 885 199 959 cipuum
218 884 339 940 virtutis
355 903 389 940 ac
409 883 518 939 virium
535 888 742 958 argumentum
758 889 811 954 est,
831 886 918 960 quod,
934 891 962 942 ut

81 980 241 1054 superiores
278 983 376 1054 agant,
413 997 472 1035 non
508 996 560 1052 per
599 977 723 1034 iniurias
763 988 961 1055 assequuntur.

82 1073 221 1151 Prompta
234 1080 333 1132 tamen
348 1075 484 1131 omnibus
499 1094 588 1146 arma,
606 1095 647 1145 ac,
657 1075 690 1133 si
705 1094 752 1132 res
765 1084 875 1151 poscat,
891 1097 963 1134 exer-

81 1171 165 1243 citus,
188 1170 347 1246 plurimum
367 1171 500 1227 virorum
526 1190 725 1247 equorumque
731 1190 741 1244 3
768 1177 799 1230 et
823 1173 962 1248 quiescen-

80 1267 160 1324 tibus
173 1267 273 1324 eadem
286 1267 369 1323 fama

140 1363 295 1421 XXXVI.
336 1364 375 1420 In
403 1364 494 1420 latere
525 1363 709 1422 Chaucorum
735 1364 962 1441 Chattorumque

82 1460 220 1518 Cherusci
239 1460 361 1516 nimiam
380 1479 414 1516 ac
434 1467 612 1518 marcentem
633 1461 685 1518 diu
700 1481 803 1538 pacem
821 1463 962 1522 illaceesiti

81 1558 257 1629 nutrierunt,
285 1558 372 1632 idque
399 1559 555 1615 iucundius
579 1560 666 1634 quam
691 1561 786 1617 tutius
809 1561 878 1634 fuit,
902 1560 962 1636 quia

80 1656 159 1712 inter
178 1655 350 1730 impotentes
370 1659 400 1711 et
418 1655 531 1711 validos
547 1654 620 1712 falso
640 1656 786 1731 quiescas3
808 1658 863 1714 ubi
882 1677 962 1715 manu

80 1753 185 1826 agitur,
207 1751 349 1808 modestia
368 1769 401 1807 ac
420 1751 551 1826 probitas
571 1753 691 1808 nomina
711 1752 870 1828 superioris
893 1759 960 1810 sunt

80 1848 130 1906 Ita
156 1848 208 1924 qui
228 1847 299 1904 olim
321 1846 392 1903 boni
418 1847 561 1922 aequique
585 1847 732 1920 Cherusci,
757 1867 838 1906 nunc
861 1850 961 1906 inertes

80 1964 113 2002 ac
139 1945 225 2002 stulti
247 1949 396 2014 vocantur,
423 1942 539 2000 Chattis
556 1945 717 2001 victoribus
738 1945 859 2002 fortuna
875 1947 907 2002 in
925 1963 961 2001 sa

80 2042 219 2118 pientiam
240 2041 333 2098 cessit.
376 2040 476 2097 Tracti
496 2041 583 2097 urina
605 2039 816 2097 Cheruscorum
839 2047 871 2098 et
893 2040 960 2111 Fosi,

80 2141 260 2197 contermina
281 2158 351 2214 gens
358 2158 367 2211 3
389 2138 577 2196 adversarum
600 2157 698 2196 rerum
723 2159 760 2197 ex
781 2159 876 2217 aequo
899 2139 961 2197 socii

80 2240 156 2304 sunt,
172 2254 262 2310 quum
275 2234 308 2290 in
321 2234 454 2290 secundis
467 2234 592 2290 minores
605 2234 736 2292 fuissent

138 2329 313 2387 XXXVII.
355 2329 489 2386 Eundem
512 2329 684 2388 Germaniae
713 2331 811 2388 einum
842 2332 960 2408 proximi

81 2425 194 2482 Oceano
210 2425 321 2484 Cimbri
340 2429 450 2497 tenent,
469 2445 561 2501 parua
578 2446 656 2484 nunc
673 2428 784 2500 civitas,
806 2429 858 2486 sed
879 2428 962 2506 gloria

80 2523 187 2597 ingens.
237 2523 413 2599 Veterisque
449 2522 544 2580 famae
577 2522 639 2580 lata
674 2524 799 2599 vestigia
836 2531 960 2594 manent,

79 2623 203 2693 utraque
226 2619 290 2693 ripa
313 2626 407 2676 castra
429 2638 463 2676 ac
483 2620 585 2695 spatia,
608 2640 733 2696 quorum
754 2622 872 2679 ambitu
891 2640 961 2679 nunc

79 2733 193 2789 quoque
226 2715 356 2771 metiaris
387 2715 492 2772 molem
526 2735 687 2791 manusque
718 2718 816 2792 gentis
847 2724 879 2775 et
907 2723 961 2774 tam

78 2815 176 2889 magni
217 2814 315 2871 exitus
354 2815 448 2872 fidem.
498 2814 749 2873 sexcentesimum
789 2821 820 2873 et
847 2817 962 2892 quadra·

78 2911 219 2985 gesimum
242 2928 353 2968 annum
376 2911 446 2968 urbs
466 2916 567 2968 nostra
588 2912 699 2986 agebat,
723 2931 815 2988 quum
841 2915 961 2988 primum

80 3005 263 3064 Cimbrorum
290 3007 391 3064 audita
423 3012 493 3064 sunt
519 3025 600 3063 arma
630 3006 755 3064 Caecilio
787 3007 910 3066 Metello
933 3025 961 3062 ac

80 3100 196 3176 Papirio
210 3101 342 3159 Carbone
358 3122 425 3160 coss
470 3102 517 3160 Ex
534 3123 592 3179 quo
609 3103 634 3160 si
650 3104 688 3160 ad
703 3105 830 3161 alterum
847 3107 961 3180 impera·

80 3198 152 3255 toris
170 3199 289 3257 Traiani
310 3200 492 3257 consulatum
513 3206 720 3275 computemus,
741 3200 862 3259 ducenti
880 3202 960 3260 ferme

79 3299 109 3350 et
122 3294 220 3353 decem
230 3297 300 3355 anni
309 3298 494 3374 colliguntur.
525 3298 650 3355 Tamdiu
662 3297 819 3356 Carmania
829 3299 958 3357 vincitur.

80 3389 180 3448 Medio
199 3399 259 3450 taur
279 3394 360 3471 longi
380 3395 446 3452 aevi
469 3394 564 3471 spatio
586 3395 681 3452 multa
704 3393 830 3454 invicem
852 3397 957 3455 damna
