2212 3682
60 241 62 245 -
125 201 162 258 10
374 197 578 258 CORNELII
603 197 748 258 naam

123 344 303 386 nnn—xva.
343 327 442 386 Sketct
461 328 499 402 of
510 328 553 386 tto
563 328 683 402 ,Banna
699 333 829 400 emanat
842 323 878 398 os
884 324 1012 384 Britain

153 417 237 490 flam
258 415 303 472 tlte
333 415 467 472 invasion
494 414 532 489 os
550 414 654 470 Jonas
676 412 782 472 Cacsar
808 421 835 468 to
863 411 902 468 its
928 432 1008 470 niort

159 502 290 576 complete
315 500 501 576 sabjoqottoo
521 501 558 576 ty
581 499 729 560 Claudius.
771 497 887 556 Roman
908 519 1008 572 pauor·-

159 587 285 661 aorseqs
291 587 418 646 Britain.
459 586 656 644 [anennoeton
672 585 710 659 of
720 585 763 641 ola
776 584 895 641 Baiano
910 586 1008 642 ander

160 674 319 740 Boodicca;
340 674 403 748 they
423 683 510 730 sterno
532 672 772 742 Cambodunum,
795 671 843 728 bat
864 691 913 728 are
934 692 1007 729 cora

154 761 260 835 pletely
274 759 401 834 defiated
413 760 450 834 by
462 758 616 816 Suetonius
629 757 795 814 Paulliaas.
846 757 1006 816 Goueraors

159 848 220 905 soto
243 848 391 905 succeedad
408 847 574 902 Paalliaas.
617 844 701 901 Isittle
724 845 795 901 donc
818 843 854 917 by
878 845 953 901 tireno
978 854 1006 902 to

158 935 283 991 monaco
298 935 341 992 tiro
356 934 469 991 Roman
482 932 632 989 dominica
645 932 679 989 ia
691 930 817 988 Britain
865 929 1006 1005 Viperous

155 1021 252 1096 polioy
266 1020 304 1094 of
316 1019 477 1094 Vespasiae.

177 1194 271 1250 XIII.
314 1193 377 1269 Ipsi
399 1193 536 1250 Britanni
557 1193 700 1249 delectum
721 1212 754 1249 ao
774 1192 887 1248 tributa
908 1197 938 1248 et
959 1192 1005 1275 in-

14 1286 42 1367 ἳξ,
117 1290 217 1347 iuncta
244 1289 359 1364 imperii
386 1308 506 1346 munera
531 1289 654 1364 impigre
680 1289 797 1365 otgunt,
824 1288 850 1344 si
875 1288 1003 1345 iniuriae

28 1372 41 1385 '¹
116 1377 229 1457 affinia
248 1385 300 1441 has
326 1405 410 1460 aegre
436 1385 570 1456 tolerant,
598 1387 658 1441 iam
684 1384 787 1441 domiti
811 1390 845 1441 ut
868 1392 1001 1460 pareant,

117 1480 245 1536 nondum
264 1486 300 1537 ut
317 1482 452 1537 sentiant.
494 1479 592 1556 Igitur
611 1482 722 1556 primus
742 1482 872 1537 omnium
894 1481 1003 1538 Roma

117 1597 220 1634 norum
247 1578 332 1634 divus
358 1577 453 1635 Iulius
483 1597 548 1634 eum
578 1580 709 1635 exercitu
740 1577 925 1634 Britanniam
957 1578 1002 1634 in·

9 1701 61 1735 ··.·-·v
74 1708 90 1725 s
115 1694 236 1750 gressus,
256 1695 431 1752 quamquam
451 1695 586 1754 pnospera
606 1696 703 1752 pugna
722 1676 860 1732 terruerit
880 1676 999 1747 incolas,
1023 1694 1030 1737 3

7 1810 27 1842 ‚2
115 1789 150 1827 ae
167 1772 252 1828 litore
269 1771 380 1847 potitus
396 1773 442 1844 sit,
462 1776 558 1848 potest
574 1771 667 1829 videri
688 1772 845 1827 ostendisse
865 1772 999 1846 posteris,

115 1885 175 1923 non
189 1867 347 1926 tradidisse.
390 1849 553 1924 Mox'bella
566 1867 670 1937 civilia,
686 1873 716 1923 et
730 1867 762 1922 in
777 1885 839 1923 rem
852 1854 1001 1942 prlblicam

115 1982 198 2019 versa
224 1963 387 2038 principum
413 1982 500 2034 arma,
529 1981 562 2017 ao
588 1962 674 2037 longa
697 1962 804 2019 oblivio
828 1962 1000 2019 Britanniae

115 2057 204 2114 etiam
217 2057 249 2112 in
262 2077 338 2133 paee.
382 2057 541 2114 Consilium
555 2057 586 2112 id
598 2057 683 2113 dirus
696 2057 850 2132 Augustus
865 2057 998 2127 vocabat,
1009 2039 1013 2045 ⁴

3 2158 10 2173 '
115 2151 247 2209 Tiberius
270 2158 459 2228 praeceptum.
502 2152 638 2226 Agitasse
662 2150 767 2207 Caium
789 2151 940 2207 Caesarem
963 2152 1000 2208 de

113 2246 251 2304 intranda
278 2248 431 2304 Britannia
458 2249 528 2304 satis
555 2225 736 2320 constatlni
765 2247 850 2302 velox
879 2247 1000 2320 ingenio

0 2359 72 2425 gns
114 2346 229 2401 mobilis
247 2332 497 2437 poenitentiae,let
510 2346 797 2421 ingentes'adversus
812 2345 1000 2403 Germaniam

113 2447 233 2497 conatus
243 2441 350 2498 frustra
362 2442 495 2499 fuissent.
525 2443 620 2499 Divus
631 2442 770 2500 Claudius
783 2447 884 2498 auctor
898 2442 1000 2498 iterati

113 2539 214 2612 operis,
237 2540 408 2595 transvectis
427 2539 590 2614 legionibus
608 2540 783 2615 auxiliisque
804 2545 834 2595 et
849 2546 1000 2614 assumpto

112 2632 146 2688 in
161 2639 273 2707 partem
289 2653 385 2690 rerum
406 2634 586 2710 Vespasiano
592 2655 601 2707 ς
620 2635 699 2711 quod
718 2635 836 2691 initium
856 2641 1000 2694 venturae

113 2749 183 2787 mox
206 2731 339 2789 fortunae
360 2733 424 2792 fuit.
468 2733 604 2790 Domitac
626 2740 735 2808 gentes,
759 2733 837 2809 capti
857 2752 948 2808 reges,
970 2741 1001 2792 et

113 2832 291 2883 monstratus
305 2828 372 2885 fatis
386 2828 625 2905 Vespasianus}
851 2864 896 2904 χ

173 2922 263 2979 XIV.
306 2923 508 2980 Consularium
522 2925 633 3000 primus
649 2925 748 2981 Aulus
765 2924 899 2981 Plautius
918 2945 1000 3000 prae-

113 3017 233 3092 positus,
257 3037 291 3075 ac
314 3019 436 3075 subinde
461 3019 593 3076 Ostorius
617 3020 747 3096 Scapula,
773 3027 895 3096 uterque
922 3022 1001 3080 bello

113 3116 259 3190 egregius;
281 3117 454 3192 redactaque
477 3118 619 3193 paulatim
639 3119 671 3173 in
691 3117 814 3174 formam
833 3119 1001 3194 provinciae

113 3213 246 3285 proxima
276 3231 342 3288 pars
374 3212 551 3270 Britanniae.
592 3213 706 3271 Addita
736 3214 856 3290 insuper
888 3221 1000 3274 vetera-

98 3323 208 3363 norum
236 3307 359 3368 colonia.
404 3307 555 3379 Quaedam
577 3309 710 3368 civitates
732 3309 913 3385 Cogidumno
936 3318 999 3389 regi

82 3396 217 3460 donatae
245 3405 285 3482 (is
307 3407 348 3466 ad
374 3415 511 3468 nostram
536 3427 634 3488 usque
657 3405 832 3464 memoriam
853 3405 1012 3462 latissimus
