<?xml version="1.0" encoding="UTF-8"?>
<!DOCTYPE html PUBLIC "-//W3C//DTD XHTML 1.0 Transitional//EN"
    "http://www.w3.org/TR/xhtml1/DTD/xhtml1-transitional.dtd">
<html xmlns="http://www.w3.org/1999/xhtml" xml:lang="en" lang="en">
 <head>
  <title>
</title>
<meta http-equiv="Content-Type" content="text/html;charset=utf-8" />
  <meta name='ocr-system' content='tesseract 3.04.00' />
  <meta name='ocr-capabilities' content='ocr_page ocr_carea ocr_par ocr_line ocrx_word'/>
</head>
<body>
  <div class='ocr_page' id='page_1' title='image "./agricolaandgerm00tacigoog_0162.png"; bbox 0 0 2206 3682; ppageno 0'>
   <div class='ocr_carea' id='block_1_1' title="bbox 234 167 966 250">
    <p class='ocr_par' dir='ltr' id='par_1_1' title="bbox 234 167 966 250">
     <span class='ocr_line' id='line_1_1' title="bbox 234 167 966 250; baseline 0.014 -22"><span class='ocrx_word' id='word_1_1' title='bbox 234 167 457 250; x_wconf 64' lang='lat' dir='ltr'>osannam</span> <span class='ocrx_word' id='word_1_2' title='bbox 485 170 812 234; x_wconf 74' lang='lat' dir='ltr'>xxviii-xxix.</span> <span class='ocrx_word' id='word_1_3' title='bbox 930 178 966 239; x_wconf 76' lang='lat'>17</span> 
     </span>
    </p>
   </div>
   <div class='ocr_carea' id='block_1_2' title="bbox 75 299 969 1731">
    <p class='ocr_par' dir='ltr' id='par_1_2' title="bbox 75 299 969 1731">
     <span class='ocr_line' id='line_1_2' title="bbox 75 299 968 379; baseline 0.008 -21"><span class='ocrx_word' id='word_1_4' title='bbox 75 305 198 370; x_wconf 80' lang='lat' dir='ltr'>rantur,</span> <span class='ocrx_word' id='word_1_5' title='bbox 220 317 274 356; x_wconf 89' lang='lat' dir='ltr'>nec</span> <span class='ocrx_word' id='word_1_6' title='bbox 293 299 465 375; x_wconf 86' lang='lat' dir='ltr'>publicanus</span> <span class='ocrx_word' id='word_1_7' title='bbox 486 301 589 357; x_wconf 79' lang='lat' dir='ltr'>atterit</span> <span class='ocrx_word' id='word_1_8' title='bbox 595 320 604 371; x_wconf 73' lang='grc' dir='ltr'><strong><em>ς</em></strong></span> <span class='ocrx_word' id='word_1_9' title='bbox 627 303 758 379; x_wconf 87' lang='lat' dir='ltr'>exempti</span> <span class='ocrx_word' id='word_1_10' title='bbox 778 305 914 363; x_wconf 86' lang='lat' dir='ltr'>oneribus</span> <span class='ocrx_word' id='word_1_11' title='bbox 937 318 968 365; x_wconf 92' lang='lat' dir='ltr'>et</span> 
     </span>
     <span class='ocr_line' id='line_1_3' title="bbox 75 397 967 480; baseline 0.007 -24"><span class='ocrx_word' id='word_1_12' title='bbox 75 397 281 456; x_wconf 67' lang='lat' dir='ltr'>allationibus</span> <span class='ocrx_word' id='word_1_13' title='bbox 298 402 331 454; x_wconf 89' lang='lat' dir='ltr'>et</span> <span class='ocrx_word' id='word_1_14' title='bbox 349 403 468 454; x_wconf 89' lang='lat' dir='ltr'>tantum</span> <span class='ocrx_word' id='word_1_15' title='bbox 489 397 521 454; x_wconf 89' lang='lat' dir='ltr'>in</span> <span class='ocrx_word' id='word_1_16' title='bbox 541 417 627 456; x_wconf 88' lang='lat' dir='ltr'>usum</span> <span class='ocrx_word' id='word_1_17' title='bbox 650 401 824 475; x_wconf 75' lang='lat' dir='ltr'>proeliorum</span> <span class='ocrx_word' id='word_1_18' title='bbox 848 405 967 480; x_wconf 76' lang='lat' dir='ltr'>sepositi</span> 
     </span>
     <span class='ocr_line' id='line_1_4' title="bbox 75 491 969 573; baseline 0.012 -22"><span class='ocrx_word' id='word_1_19' title='bbox 75 494 158 552; x_wconf 81' lang='lat' dir='ltr'>relut</span> <span class='ocrx_word' id='word_1_20' title='bbox 185 491 247 549; x_wconf 82' lang='lat' dir='ltr'>tela</span> <span class='ocrx_word' id='word_1_21' title='bbox 272 497 362 568; x_wconf 85' lang='lat' dir='ltr'>atquc</span> <span class='ocrx_word' id='word_1_22' title='bbox 391 511 472 550; x_wconf 87' lang='lat' dir='ltr'>arma</span> <span class='ocrx_word' id='word_1_23' title='bbox 502 496 586 552; x_wconf 87' lang='lat' dir='ltr'>bellis</span> <span class='ocrx_word' id='word_1_24' title='bbox 615 505 808 559; x_wconf 79' lang='lat' dir='ltr'><strong>reservantur.</strong></span> <span class='ocrx_word' id='word_1_25' title='bbox 852 501 906 558; x_wconf 88' lang='lat' dir='ltr'>Est</span> <span class='ocrx_word' id='word_1_26' title='bbox 934 504 969 573; x_wconf 23' lang='lat' dir='ltr'>in·</span> 
     </span>
     <span class='ocr_line' id='line_1_5' title="bbox 75 588 966 669; baseline 0.012 -23"><span class='ocrx_word' id='word_1_27' title='bbox 75 591 178 650; x_wconf 68' lang='lat' dir='ltr'>eodem</span> <span class='ocrx_word' id='word_1_28' title='bbox 191 588 328 664; x_wconf 87' lang='lat' dir='ltr'>obsequio</span> <span class='ocrx_word' id='word_1_29' title='bbox 342 594 373 646; x_wconf 90' lang='lat' dir='ltr'>et</span> <span class='ocrx_word' id='word_1_30' title='bbox 386 589 595 648; x_wconf 77' lang='lat' dir='ltr'>Mattiacorum</span> <span class='ocrx_word' id='word_1_31' title='bbox 612 612 689 669; x_wconf 82' lang='lat' dir='ltr'>gens.</span> <span class='ocrx_word' id='word_1_32' title='bbox 741 595 871 655; x_wconf 76' lang='lat' dir='ltr'>Protulit</span> <span class='ocrx_word' id='word_1_33' title='bbox 887 600 966 658; x_wconf 85' lang='lat' dir='ltr'>enim</span> 
     </span>
     <span class='ocr_line' id='line_1_6' title="bbox 75 684 968 772; baseline 0.011 -28"><span class='ocrx_word' id='word_1_34' title='bbox 75 684 377 762; x_wconf 81' lang='lat' dir='ltr'>magnitudo-populi</span> <span class='ocrx_word' id='word_1_35' title='bbox 404 685 532 743; x_wconf 89' lang='lat' dir='ltr'>Romani</span> <span class='ocrx_word' id='word_1_36' title='bbox 556 687 645 746; x_wconf 82' lang='lat' dir='ltr'>nitra</span> <span class='ocrx_word' id='word_1_37' title='bbox 664 689 803 749; x_wconf 90' lang='lat' dir='ltr'><strong>Rhenum</strong></span> <span class='ocrx_word' id='word_1_38' title='bbox 831 696 968 772; x_wconf 87' lang='lat' dir='ltr'>ultraque</span> 
     </span>
     <span class='ocr_line' id='line_1_7' title="bbox 75 783 968 858; baseline 0.009 -16"><span class='ocrx_word' id='word_1_39' title='bbox 75 793 192 842; x_wconf 74' lang='lat' dir='ltr'>ueteres</span> <span class='ocrx_word' id='word_1_40' title='bbox 224 784 366 840; x_wconf 88' lang='lat' dir='ltr'>terminos</span> <span class='ocrx_word' id='word_1_41' title='bbox 399 783 515 858; x_wconf 88' lang='lat' dir='ltr'>imperii</span> <span class='ocrx_word' id='word_1_42' title='bbox 555 787 757 845; x_wconf 88' lang='lat' dir='ltr'>reverentiam.</span> <span class='ocrx_word' id='word_1_43' title='bbox 812 789 862 847; x_wconf 90' lang='lat' dir='ltr'>Ita</span> <span class='ocrx_word' id='word_1_44' title='bbox 901 793 968 849; x_wconf 87' lang='lat' dir='ltr'>sede</span> 
     </span>
     <span class='ocr_line' id='line_1_8' title="bbox 75 880 966 960; baseline 0.008 -22"><span class='ocrx_word' id='word_1_45' title='bbox 75 883 244 954; x_wconf 75' lang='lat' dir='ltr'>finibusque</span> <span class='ocrx_word' id='word_1_46' title='bbox 269 881 303 936; x_wconf 89' lang='lat' dir='ltr'>in</span> <span class='ocrx_word' id='word_1_47' title='bbox 331 899 384 936; x_wconf 90' lang='lat' dir='ltr'>sua</span> <span class='ocrx_word' id='word_1_48' title='bbox 409 880 482 956; x_wconf 84' lang='lat' dir='ltr'>ripa,</span> <span class='ocrx_word' id='word_1_49' title='bbox 510 888 608 938; x_wconf 91' lang='lat' dir='ltr'>mente</span> <span class='ocrx_word' id='word_1_50' title='bbox 635 884 791 960; x_wconf 90' lang='lat' dir='ltr'>animoque</span> <span class='ocrx_word' id='word_1_51' title='bbox 816 888 966 945; x_wconf 90' lang='lat' dir='ltr'>nobiscum</span> 
     </span>
     <span class='ocr_line' id='line_1_9' title="bbox 75 975 969 1054; baseline 0.006 -20"><span class='ocrx_word' id='word_1_52' title='bbox 75 983 178 1053; x_wconf 70' lang='lat' dir='ltr'>agunt,</span> <span class='ocrx_word' id='word_1_53' title='bbox 202 983 299 1032; x_wconf 87' lang='lat' dir='ltr'>cetera</span> <span class='ocrx_word' id='word_1_54' title='bbox 319 975 428 1033; x_wconf 81' lang='lat' dir='ltr'>similes</span> <span class='ocrx_word' id='word_1_55' title='bbox 452 976 580 1047; x_wconf 88' lang='lat' dir='ltr'>Batavis,</span> <span class='ocrx_word' id='word_1_56' title='bbox 605 977 664 1034; x_wconf 89' lang='lat' dir='ltr'>nisi</span> <span class='ocrx_word' id='word_1_57' title='bbox 686 980 764 1053; x_wconf 92' lang='lat' dir='ltr'>quod</span> <span class='ocrx_word' id='word_1_58' title='bbox 787 980 850 1054; x_wconf 88' lang='lat' dir='ltr'>ipso</span> <span class='ocrx_word' id='word_1_59' title='bbox 873 983 969 1039; x_wconf 93' lang='lat' dir='ltr'>adhuc</span> 
     </span>
     <span class='ocr_line' id='line_1_10' title="bbox 75 1071 969 1135; baseline 0.006 -5"><span class='ocrx_word' id='word_1_60' title='bbox 75 1081 173 1131; x_wconf 81' lang='lat' dir='ltr'>terrae</span> <span class='ocrx_word' id='word_1_61' title='bbox 201 1090 270 1129; x_wconf 89' lang='lat' dir='ltr'>suaa</span> <span class='ocrx_word' id='word_1_62' title='bbox 296 1071 357 1128; x_wconf 91' lang='lat' dir='ltr'>solo</span> <span class='ocrx_word' id='word_1_63' title='bbox 384 1077 415 1128; x_wconf 89' lang='lat' dir='ltr'>et</span> <span class='ocrx_word' id='word_1_64' title='bbox 444 1072 522 1129; x_wconf 87' lang='lat' dir='ltr'>coelo</span> <span class='ocrx_word' id='word_1_65' title='bbox 540 1073 646 1130; x_wconf 54' lang='lat' dir='ltr'>*acrius</span> <span class='ocrx_word' id='word_1_66' title='bbox 680 1074 855 1132; x_wconf 88' lang='lat' dir='ltr'>animantur.</span> <span class='ocrx_word' id='word_1_67' title='bbox 898 1078 969 1135; x_wconf 91' lang='lat' dir='ltr'>Non</span> 
     </span>
     <span class='ocr_line' id='line_1_11' title="bbox 75 1168 968 1250; baseline 0.003 -22"><span class='ocrx_word' id='word_1_68' title='bbox 75 1169 294 1228; x_wconf 81' lang='lat' dir='ltr'><strong>numeraverim</strong></span> <span class='ocrx_word' id='word_1_69' title='bbox 320 1168 400 1225; x_wconf 88' lang='lat' dir='ltr'>inter</span> <span class='ocrx_word' id='word_1_70' title='bbox 428 1169 601 1228; x_wconf 74' lang='lat' dir='ltr'>Germaniae</span> <span class='ocrx_word' id='word_1_71' title='bbox 629 1172 760 1247; x_wconf 89' lang='lat' dir='ltr'>populos,</span> <span class='ocrx_word' id='word_1_72' title='bbox 792 1191 968 1250; x_wconf 86' lang='lat' dir='ltr'>quamquam</span> 
     </span>
     <span class='ocr_line' id='line_1_12' title="bbox 75 1265 969 1348; baseline 0.006 -23"><span class='ocrx_word' id='word_1_73' title='bbox 75 1275 159 1325; x_wconf 83' lang='lat' dir='ltr'>trans</span> <span class='ocrx_word' id='word_1_74' title='bbox 188 1266 327 1323; x_wconf 86' lang='lat' dir='ltr'>Rhenum</span> <span class='ocrx_word' id='word_1_75' title='bbox 355 1265 584 1343; x_wconf 79' lang='lat' dir='ltr'>Danubiumque</span> <span class='ocrx_word' id='word_1_76' title='bbox 611 1269 801 1343; x_wconf 67' lang='lat' dir='ltr'>consedeant,</span> <span class='ocrx_word' id='word_1_77' title='bbox 830 1289 886 1343; x_wconf 89' lang='lat' dir='ltr'>eos,</span> <span class='ocrx_word' id='word_1_78' title='bbox 919 1273 969 1348; x_wconf 91' lang='lat' dir='ltr'>qui</span> 
     </span>
     <span class='ocr_line' id='line_1_13' title="bbox 75 1366 969 1446; baseline 0.009 -26"><span class='ocrx_word' id='word_1_79' title='bbox 75 1366 244 1421; x_wconf 88' lang='lat' dir='ltr'>decumatee</span> <span class='ocrx_word' id='word_1_80' title='bbox 265 1383 348 1440; x_wconf 83' lang='lat' dir='ltr'>agros</span> <span class='ocrx_word' id='word_1_81' title='bbox 369 1371 513 1423; x_wconf 86' lang='lat' dir='ltr'>exercent.</span> <span class='ocrx_word' id='word_1_82' title='bbox 556 1366 734 1424; x_wconf 86' lang='lat' dir='ltr'>Levissimus</span> <span class='ocrx_word' id='word_1_83' title='bbox 757 1368 880 1446; x_wconf 84' lang='lat' dir='ltr'>quisque</span> <span class='ocrx_word' id='word_1_84' title='bbox 901 1370 969 1428; x_wconf 79' lang='lat' dir='ltr'>Gal-</span> 
     </span>
     <span class='ocr_line' id='line_1_14' title="bbox 75 1462 968 1541; baseline 0.007 -22"><span class='ocrx_word' id='word_1_85' title='bbox 75 1465 176 1521; x_wconf 84' lang='lat' dir='ltr'>lorum</span> <span class='ocrx_word' id='word_1_86' title='bbox 209 1467 240 1518; x_wconf 84' lang='lat' dir='ltr'>ct</span> <span class='ocrx_word' id='word_1_87' title='bbox 272 1462 370 1537; x_wconf 90' lang='lat' dir='ltr'>inopia</span> <span class='ocrx_word' id='word_1_88' title='bbox 403 1463 499 1519; x_wconf 86' lang='lat' dir='ltr'>audax</span> <span class='ocrx_word' id='word_1_89' title='bbox 528 1463 633 1521; x_wconf 85' lang='lat' dir='ltr'>dubiae</span> <span class='ocrx_word' id='word_1_90' title='bbox 661 1468 846 1541; x_wconf 83' lang='lat' dir='ltr'>possessionis</span> <span class='ocrx_word' id='word_1_91' title='bbox 875 1468 968 1526; x_wconf 87' lang='lat' dir='ltr'>solum</span> 
     </span>
     <span class='ocr_line' id='line_1_15' title="bbox 75 1557 969 1640; baseline 0.006 -24"><span class='ocrx_word' id='word_1_92' title='bbox 75 1576 262 1634; x_wconf 85' lang='lat' dir='ltr'>occupavere.</span> <span class='ocrx_word' id='word_1_93' title='bbox 305 1557 380 1614; x_wconf 86' lang='lat' dir='ltr'>Mox</span> <span class='ocrx_word' id='word_1_94' title='bbox 402 1558 497 1615; x_wconf 90' lang='lat' dir='ltr'>limite</span> <span class='ocrx_word' id='word_1_95' title='bbox 519 1565 584 1616; x_wconf 86' lang='lat' dir='ltr'>acto</span> <span class='ocrx_word' id='word_1_96' title='bbox 603 1561 800 1638; x_wconf 87' lang='lat' dir='ltr'>promotisque</span> <span class='ocrx_word' id='word_1_97' title='bbox 819 1564 969 1640; x_wconf 80' lang='lat' dir='ltr'>praesidiis</span> 
     </span>
     <span class='ocr_line' id='line_1_16' title="bbox 75 1654 760 1731; baseline 0.004 -19"><span class='ocrx_word' id='word_1_98' title='bbox 75 1655 160 1712; x_wconf 89' lang='lat' dir='ltr'>sinus</span> <span class='ocrx_word' id='word_1_99' title='bbox 174 1654 290 1729; x_wconf 87' lang='lat' dir='ltr'>imperii</span> <span class='ocrx_word' id='word_1_100' title='bbox 303 1660 335 1712; x_wconf 89' lang='lat' dir='ltr'>et</span> <span class='ocrx_word' id='word_1_101' title='bbox 346 1673 414 1731; x_wconf 90' lang='lat' dir='ltr'>pars</span> <span class='ocrx_word' id='word_1_102' title='bbox 426 1656 592 1730; x_wconf 86' lang='lat' dir='ltr'>provinciae</span> <span class='ocrx_word' id='word_1_103' title='bbox 606 1657 760 1715; x_wconf 83' lang='lat' dir='ltr'>habentur.</span> 
     </span>
    </p>
   </div>
   <div class='ocr_carea' id='block_1_3' title="bbox 75 1889 970 2228">
    <p class='ocr_par' dir='ltr' id='par_1_3' title="bbox 75 1889 970 2228">
     <span class='ocr_line' id='line_1_17' title="bbox 75 1889 967 1965; baseline -0.001 -13"><span class='ocrx_word' id='word_1_104' title='bbox 75 1908 316 1952; x_wconf 65' lang='lat' dir='ltr'>xxm—xxxvii.</span> <span class='ocrx_word' id='word_1_105' title='bbox 359 1889 505 1948; x_wconf 77' lang='lat' dir='ltr'>Norticra</span> <span class='ocrx_word' id='word_1_106' title='bbox 518 1890 602 1948; x_wconf 79' lang='lat' dir='ltr'>tribea</span> <span class='ocrx_word' id='word_1_107' title='bbox 616 1900 642 1948; x_wconf 79' lang='lat' dir='ltr'>to</span> <span class='ocrx_word' id='word_1_108' title='bbox 657 1891 700 1949; x_wconf 78' lang='lat' dir='ltr'>the</span> <span class='ocrx_word' id='word_1_109' title='bbox 713 1899 777 1948; x_wconf 76' lang='lat' dir='ltr'>west</span> <span class='ocrx_word' id='word_1_110' title='bbox 791 1891 828 1965; x_wconf 91' lang='lat' dir='ltr'>of</span> <span class='ocrx_word' id='word_1_111' title='bbox 835 1891 879 1949; x_wconf 79' lang='lat' dir='ltr'>the</span> <span class='ocrx_word' id='word_1_112' title='bbox 891 1891 967 1952; x_wconf 78' lang='lat' dir='ltr'>Elbo.</span> 
     </span>
     <span class='ocr_line' id='line_1_18' title="bbox 117 1977 969 2053; baseline 0.001 -17"><span class='ocrx_word' id='word_1_113' title='bbox 117 1980 179 2037; x_wconf 73' lang='lat' dir='ltr'>Tae</span> <span class='ocrx_word' id='word_1_114' title='bbox 193 1978 308 2048; x_wconf 65' lang='lat' dir='ltr'>Obsta-</span> <span class='ocrx_word' id='word_1_115' title='bbox 330 1977 492 2053; x_wconf 80' lang='lat' dir='ltr'>thcirfierce</span> <span class='ocrx_word' id='word_1_116' title='bbox 505 1978 568 2036; x_wconf 75' lang='lat' dir='ltr'>card</span> <span class='ocrx_word' id='word_1_117' title='bbox 581 1979 698 2036; x_wconf 81' lang='lat' dir='ltr'>warlilee</span> <span class='ocrx_word' id='word_1_118' title='bbox 715 1978 867 2039; x_wconf 74' lang='lat' dir='ltr'>character.</span> <span class='ocrx_word' id='word_1_119' title='bbox 913 1980 969 2038; x_wconf 70' lang='lat' dir='ltr'>Pte</span> 
     </span>
     <span class='ocr_line' id='line_1_19' title="bbox 115 2065 970 2140; baseline -0.002 -14"><span class='ocrx_word' id='word_1_120' title='bbox 115 2067 222 2126; x_wconf 79' lang='lat' dir='ltr'>Frisii.</span> <span class='ocrx_word' id='word_1_121' title='bbox 243 2066 359 2123; x_wconf 77' lang='lat' dir='ltr'>Roman</span> <span class='ocrx_word' id='word_1_122' title='bbox 373 2066 547 2140; x_wconf 74' lang='lat' dir='ltr'>expeditiora</span> <span class='ocrx_word' id='word_1_123' title='bbox 554 2065 615 2124; x_wconf 77' lang='lat' dir='ltr'>into</span> <span class='ocrx_word' id='word_1_124' title='bbox 624 2067 696 2123; x_wconf 80' lang='lat' dir='ltr'>their</span> <span class='ocrx_word' id='word_1_125' title='bbox 706 2067 845 2140; x_wconf 74' lang='lat' dir='ltr'>territory.</span> <span class='ocrx_word' id='word_1_126' title='bbox 876 2065 970 2124; x_wconf 70' lang='lat' dir='ltr'>Chora</span> 
     </span>
     <span class='ocr_line' id='line_1_20' title="bbox 115 2151 910 2228; baseline -0.004 -15"><span class='ocrx_word' id='word_1_127' title='bbox 115 2155 152 2227; x_wconf 77' lang='lat' dir='ltr'>ci,</span> <span class='ocrx_word' id='word_1_128' title='bbox 169 2152 311 2224; x_wconf 69' lang='lat' dir='ltr'>Obana,</span> <span class='ocrx_word' id='word_1_129' title='bbox 327 2151 443 2212; x_wconf 76' lang='lat' dir='ltr'>Cimbri.</span> <span class='ocrx_word' id='word_1_130' title='bbox 492 2153 607 2211; x_wconf 79' lang='lat' dir='ltr'>Roman</span> <span class='ocrx_word' id='word_1_131' title='bbox 619 2173 695 2210; x_wconf 75' lang='lat' dir='ltr'>wore</span> <span class='ocrx_word' id='word_1_132' title='bbox 708 2154 742 2210; x_wconf 79' lang='lat' dir='ltr'>in</span> <span class='ocrx_word' id='word_1_133' title='bbox 756 2152 910 2228; x_wconf 74' lang='lat' dir='ltr'>Germaap.</span> 
     </span>
    </p>
   </div>
   <div class='ocr_carea' id='block_1_4' title="bbox 75 2320 972 2978">
    <p class='ocr_par' dir='ltr' id='par_1_4' title="bbox 75 2320 972 2978">
     <span class='ocr_line' id='line_1_21' title="bbox 139 2320 971 2382; baseline -0.006 0"><span class='ocrx_word' id='word_1_134' title='bbox 139 2323 249 2382; x_wconf 89' lang='lat' dir='ltr'>XXX.</span> <span class='ocrx_word' id='word_1_135' title='bbox 291 2321 382 2381; x_wconf 88' lang='lat' dir='ltr'>Ultra</span> <span class='ocrx_word' id='word_1_136' title='bbox 404 2322 456 2379; x_wconf 89' lang='lat' dir='ltr'>hos</span> <span class='ocrx_word' id='word_1_137' title='bbox 475 2321 577 2379; x_wconf 76' lang='lat' dir='ltr'>Chatti</span> <span class='ocrx_word' id='word_1_138' title='bbox 599 2320 718 2377; x_wconf 90' lang='lat' dir='ltr'>initium</span> <span class='ocrx_word' id='word_1_139' title='bbox 741 2320 817 2378; x_wconf 88' lang='lat' dir='ltr'>sedis</span> <span class='ocrx_word' id='word_1_140' title='bbox 836 2322 873 2377; x_wconf 93' lang='lat' dir='ltr'>ab</span> <span class='ocrx_word' id='word_1_141' title='bbox 894 2321 971 2378; x_wconf 90' lang='lat' dir='ltr'>Her-</span> 
     </span>
     <span class='ocr_line' id='line_1_22' title="bbox 75 2417 970 2499; baseline -0.008 -18"><span class='ocrx_word' id='word_1_142' title='bbox 75 2422 166 2499; x_wconf 85' lang='lat' dir='ltr'>cynio</span> <span class='ocrx_word' id='word_1_143' title='bbox 188 2420 266 2477; x_wconf 84' lang='lat' dir='ltr'>saltu</span> <span class='ocrx_word' id='word_1_144' title='bbox 289 2419 435 2489; x_wconf 87' lang='lat' dir='ltr'>inchoant,</span> <span class='ocrx_word' id='word_1_145' title='bbox 458 2437 517 2474; x_wconf 92' lang='lat' dir='ltr'>non</span> <span class='ocrx_word' id='word_1_146' title='bbox 542 2419 586 2474; x_wconf 88' lang='lat' dir='ltr'>ita</span> <span class='ocrx_word' id='word_1_147' title='bbox 609 2417 707 2473; x_wconf 87' lang='lat' dir='ltr'>effusis</span> <span class='ocrx_word' id='word_1_148' title='bbox 732 2436 766 2474; x_wconf 88' lang='lat' dir='ltr'>ac</span> <span class='ocrx_word' id='word_1_149' title='bbox 792 2417 970 2493; x_wconf 76' lang='lat' dir='ltr'>palustribus</span> 
     </span>
     <span class='ocr_line' id='line_1_23' title="bbox 75 2514 968 2591; baseline -0.008 -14"><span class='ocrx_word' id='word_1_150' title='bbox 75 2521 158 2591; x_wconf 88' lang='lat' dir='ltr'>locis,</span> <span class='ocrx_word' id='word_1_151' title='bbox 174 2523 211 2575; x_wconf 85' lang='lat' dir='ltr'>ut</span> <span class='ocrx_word' id='word_1_152' title='bbox 231 2523 342 2575; x_wconf 87' lang='lat' dir='ltr'>ceterae</span> <span class='ocrx_word' id='word_1_153' title='bbox 358 2516 499 2586; x_wconf 86' lang='lat' dir='ltr'>civitates,</span> <span class='ocrx_word' id='word_1_154' title='bbox 515 2515 547 2571; x_wconf 92' lang='lat' dir='ltr'>in</span> <span class='ocrx_word' id='word_1_155' title='bbox 563 2535 635 2590; x_wconf 87' lang='lat' dir='ltr'>quas</span> <span class='ocrx_word' id='word_1_156' title='bbox 654 2514 811 2571; x_wconf 82' lang='lat' dir='ltr'>Germania</span> <span class='ocrx_word' id='word_1_157' title='bbox 830 2515 954 2590; x_wconf 86' lang='lat' dir='ltr'>patescit</span> <span class='ocrx_word' id='word_1_158' title='bbox 959 2534 968 2585; x_wconf 82' lang='lat'>3</span> 
     </span>
     <span class='ocr_line' id='line_1_24' title="bbox 75 2611 971 2691; baseline -0.008 -16"><span class='ocrx_word' id='word_1_159' title='bbox 75 2619 190 2675; x_wconf 91' lang='lat' dir='ltr'>durant</span> <span class='ocrx_word' id='word_1_160' title='bbox 203 2614 346 2691; x_wconf 87' lang='lat' dir='ltr'>siquidem</span> <span class='ocrx_word' id='word_1_161' title='bbox 361 2612 454 2683; x_wconf 88' lang='lat' dir='ltr'>colles,</span> <span class='ocrx_word' id='word_1_162' title='bbox 472 2612 614 2689; x_wconf 86' lang='lat' dir='ltr'>paulatim</span> <span class='ocrx_word' id='word_1_163' title='bbox 631 2616 788 2682; x_wconf 85' lang='lat' dir='ltr'>rarescunt,</span> <span class='ocrx_word' id='word_1_164' title='bbox 806 2616 836 2668; x_wconf 91' lang='lat' dir='ltr'>et</span> <span class='ocrx_word' id='word_1_165' title='bbox 850 2611 971 2668; x_wconf 81' lang='lat' dir='ltr'>Chattos</span> 
     </span>
     <span class='ocr_line' id='line_1_25' title="bbox 76 2706 970 2786; baseline -0.011 -14"><span class='ocrx_word' id='word_1_166' title='bbox 76 2733 145 2772; x_wconf 87' lang='lat' dir='ltr'>suos</span> <span class='ocrx_word' id='word_1_167' title='bbox 171 2711 263 2768; x_wconf 88' lang='lat' dir='ltr'>saltus</span> <span class='ocrx_word' id='word_1_168' title='bbox 289 2709 457 2786; x_wconf 87' lang='lat' dir='ltr'>Hercynius</span> <span class='ocrx_word' id='word_1_169' title='bbox 484 2708 669 2784; x_wconf 88' lang='lat' dir='ltr'>prosequitur</span> <span class='ocrx_word' id='word_1_170' title='bbox 695 2706 782 2763; x_wconf 89' lang='lat' dir='ltr'>simul</span> <span class='ocrx_word' id='word_1_171' title='bbox 808 2711 897 2783; x_wconf 76' lang='lat' dir='ltr'>atque</span> <span class='ocrx_word' id='word_1_172' title='bbox 923 2707 970 2762; x_wconf 87' lang='lat' dir='ltr'>de-</span> 
     </span>
     <span class='ocr_line' id='line_1_26' title="bbox 76 2803 970 2889; baseline -0.009 -22"><span class='ocrx_word' id='word_1_173' title='bbox 76 2811 171 2889; x_wconf 90' lang='lat' dir='ltr'>ponit.</span> <span class='ocrx_word' id='word_1_174' title='bbox 216 2808 345 2866; x_wconf 87' lang='lat' dir='ltr'>Duriora</span> <span class='ocrx_word' id='word_1_175' title='bbox 367 2806 447 2883; x_wconf 79' lang='lat' dir='ltr'>genti</span> <span class='ocrx_word' id='word_1_176' title='bbox 475 2824 601 2882; x_wconf 85' lang='lat' dir='ltr'>corpora,</span> <span class='ocrx_word' id='word_1_177' title='bbox 630 2803 726 2861; x_wconf 88' lang='lat' dir='ltr'>stricti</span> <span class='ocrx_word' id='word_1_178' title='bbox 750 2811 841 2875; x_wconf 90' lang='lat' dir='ltr'>artus,</span> <span class='ocrx_word' id='word_1_179' title='bbox 869 2805 970 2860; x_wconf 85' lang='lat' dir='ltr'>minax</span> 
     </span>
     <span class='ocr_line' id='line_1_27' title="bbox 77 2900 972 2978; baseline -0.008 -14"><span class='ocrx_word' id='word_1_180' title='bbox 77 2909 182 2964; x_wconf 86' lang='lat' dir='ltr'>vultus</span> <span class='ocrx_word' id='word_1_181' title='bbox 195 2911 227 2961; x_wconf 92' lang='lat' dir='ltr'>et</span> <span class='ocrx_word' id='word_1_182' title='bbox 242 2906 334 2962; x_wconf 88' lang='lat' dir='ltr'>maior</span> <span class='ocrx_word' id='word_1_183' title='bbox 349 2905 440 2961; x_wconf 87' lang='lat' dir='ltr'>animi</span> <span class='ocrx_word' id='word_1_184' title='bbox 456 2903 546 2978; x_wconf 86' lang='lat' dir='ltr'>vigor.</span> <span class='ocrx_word' id='word_1_185' title='bbox 589 2901 729 2972; x_wconf 90' lang='lat' dir='ltr'>Multum,</span> <span class='ocrx_word' id='word_1_186' title='bbox 748 2907 784 2958; x_wconf 91' lang='lat' dir='ltr'>ut</span> <span class='ocrx_word' id='word_1_187' title='bbox 804 2902 883 2958; x_wconf 92' lang='lat' dir='ltr'>inter</span> <span class='ocrx_word' id='word_1_188' title='bbox 901 2900 972 2957; x_wconf 82' lang='lat' dir='ltr'>Ger·</span> 
     </span>
    </p>
   </div>
   <div class='ocr_carea' id='block_1_5' title="bbox 75 2996 969 3365">
    <p class='ocr_par' dir='ltr' id='par_1_5' title="bbox 75 2996 969 3365">
     <span class='ocr_line' id='line_1_28' title="bbox 76 2996 968 3078; baseline -0.008 -18"><span class='ocrx_word' id='word_1_189' title='bbox 76 3020 190 3078; x_wconf 86' lang='lat' dir='ltr'>manos,</span> <span class='ocrx_word' id='word_1_190' title='bbox 219 3002 341 3058; x_wconf 87' lang='lat' dir='ltr'>rationis</span> <span class='ocrx_word' id='word_1_191' title='bbox 377 3020 411 3057; x_wconf 92' lang='lat' dir='ltr'>ac</span> <span class='ocrx_word' id='word_1_192' title='bbox 446 2999 591 3056; x_wconf 86' lang='lat' dir='ltr'>sollertiae</span> <span class='ocrx_word' id='word_1_193' title='bbox 601 3016 611 3070; x_wconf 82' lang='lat'><em>3</em></span> <span class='ocrx_word' id='word_1_194' title='bbox 647 3017 823 3074; x_wconf 87' lang='lat' dir='ltr'>praeponere</span> <span class='ocrx_word' id='word_1_195' title='bbox 856 2996 968 3068; x_wconf 87' lang='lat' dir='ltr'>electos,</span> 
     </span>
     <span class='ocr_line' id='line_1_29' title="bbox 76 3091 968 3176; baseline -0.009 -18"><span class='ocrx_word' id='word_1_196' title='bbox 76 3102 182 3158; x_wconf 88' lang='lat' dir='ltr'>audire</span> <span class='ocrx_word' id='word_1_197' title='bbox 191 3099 377 3176; x_wconf 87' lang='lat' dir='ltr'>praepositos,</span> <span class='ocrx_word' id='word_1_198' title='bbox 389 3115 472 3154; x_wconf 88' lang='lat' dir='ltr'>nosse</span> <span class='ocrx_word' id='word_1_199' title='bbox 486 3096 608 3167; x_wconf 83' lang='lat' dir='ltr'>ordines,</span> <span class='ocrx_word' id='word_1_200' title='bbox 624 3096 787 3170; x_wconf 83' lang='lat' dir='ltr'>intelligere</span> <span class='ocrx_word' id='word_1_201' title='bbox 799 3091 968 3165; x_wconf 89' lang='lat' dir='ltr'>occasiones,</span> 
     </span>
     <span class='ocr_line' id='line_1_30' title="bbox 75 3191 968 3272; baseline -0.011 -17"><span class='ocrx_word' id='word_1_202' title='bbox 75 3199 198 3255; x_wconf 90' lang='lat' dir='ltr'>differre</span> <span class='ocrx_word' id='word_1_203' title='bbox 230 3198 365 3272; x_wconf 88' lang='lat' dir='ltr'>impetus,</span> <span class='ocrx_word' id='word_1_204' title='bbox 400 3195 552 3271; x_wconf 88' lang='lat' dir='ltr'>disponere</span> <span class='ocrx_word' id='word_1_205' title='bbox 581 3194 667 3264; x_wconf 90' lang='lat' dir='ltr'>diem,</span> <span class='ocrx_word' id='word_1_206' title='bbox 700 3191 809 3249; x_wconf 88' lang='lat' dir='ltr'>vallare</span> <span class='ocrx_word' id='word_1_207' title='bbox 844 3194 968 3262; x_wconf 90' lang='lat' dir='ltr'>noctem,</span> 
     </span>
     <span class='ocr_line' id='line_1_31' title="bbox 76 3290 969 3365; baseline -0.017 -10"><span class='ocrx_word' id='word_1_208' title='bbox 76 3299 229 3356; x_wconf 89' lang='lat' dir='ltr'>fortunam</span> <span class='ocrx_word' id='word_1_209' title='bbox 251 3295 330 3350; x_wconf 84' lang='lat' dir='ltr'>inter</span> <span class='ocrx_word' id='word_1_210' title='bbox 347 3293 443 3365; x_wconf 87' lang='lat' dir='ltr'>dubia,</span> <span class='ocrx_word' id='word_1_211' title='bbox 464 3292 605 3349; x_wconf 80' lang='lat' dir='ltr'>virtutem</span> <span class='ocrx_word' id='word_1_212' title='bbox 620 3290 699 3346; x_wconf 87' lang='lat' dir='ltr'>inter</span> <span class='ocrx_word' id='word_1_213' title='bbox 714 3293 793 3344; x_wconf 89' lang='lat' dir='ltr'>certa</span> <span class='ocrx_word' id='word_1_214' title='bbox 807 3304 969 3358; x_wconf 76' lang='lat' dir='ltr'>numerare,</span> 
     </span>
    </p>
   </div>
   <div class='ocr_carea' id='block_1_6' title="bbox 76 3385 971 3561">
    <p class='ocr_par' dir='ltr' id='par_1_6' title="bbox 76 3385 971 3561">
     <span class='ocr_line' id='line_1_32' title="bbox 76 3385 971 3473; baseline -0.015 -19"><span class='ocrx_word' id='word_1_215' title='bbox 76 3396 217 3473; x_wconf 88' lang='lat' dir='ltr'>quodque</span> <span class='ocrx_word' id='word_1_216' title='bbox 243 3392 423 3450; x_wconf 86' lang='lat' dir='ltr'>rarissimum</span> <span class='ocrx_word' id='word_1_217' title='bbox 448 3409 501 3448; x_wconf 89' lang='lat' dir='ltr'>nec</span> <span class='ocrx_word' id='word_1_218' title='bbox 531 3390 589 3446; x_wconf 89' lang='lat' dir='ltr'>nisi</span> <span class='ocrx_word' id='word_1_219' title='bbox 620 3389 770 3454; x_wconf 85' lang='lat' dir='ltr'>Romanae</span> <span class='ocrx_word' id='word_1_220' title='bbox 801 3385 971 3461; x_wconf 81' lang='lat' dir='ltr'>disciplinae</span> 
     </span>
     <span class='ocr_line' id='line_1_33' title="bbox 181 3484 896 3561; baseline -0.01 -15"><span class='ocrx_word' id='word_1_221' title='bbox 181 3505 209 3546; x_wconf 82' lang='lat' dir='ltr'>n.</span> <span class='ocrx_word' id='word_1_222' title='bbox 747 3545 754 3561; x_wconf 30' lang='grc' dir='ltr'>ἱ</span> <span class='ocrx_word' id='word_1_223' title='bbox 873 3484 896 3539; x_wconf 69' lang='lat' dir='ltr'>t</span> 
     </span>
    </p>
   </div>
   <div class='ocr_carea' id='block_1_7' title="bbox 0 0 1110 3682">
    <p class='ocr_par' dir='ltr' id='par_1_7' title="bbox 0 0 1110 3682">
     <span class='ocr_line' id='line_1_34' title="bbox 0 0 1110 3682; baseline 0 0"><span class='ocrx_word' id='word_1_224' title='bbox 0 0 1110 3682; x_wconf 95' lang='lat' dir='ltr'> </span> 
     </span>
    </p>
   </div>
  </div>
 </body>
</html>
