2206 3682
233 142 250 163 ’
284 144 503 239 casatam
531 132 835 263 xva-xxvii„
953 173 986 232 11
1072 239 1075 245 ,

91 311 225 388 Eligunt
238 311 320 382 feras,
343 316 374 368 et
393 310 523 368 detracta
542 307 688 393 velarqina
708 316 849 383 spargunt
869 303 990 361 maculis

92 409 282 484 pellibusque
308 406 470 478 beluarum,
494 425 566 481 quas
591 405 719 462 exterior
743 403 876 460 Oceanus
902 405 990 475 atque

92 508 233 582 ignotum
252 523 331 561 maro
350 503 453 579 gignit
495 501 560 559 Nec
579 501 655 558 alius
674 500 790 558 feminis
811 517 900 575 quam
918 497 991 552 viris

94 603 229 673 habitus,
254 602 311 659 nisi
336 601 414 678 quod
436 600 562 658 feminae
586 594 699 674 saepius
722 597 809 655 lineis
836 595 991 654 amictibus

73 699 246 777 lIQQllffr
261 716 367 771 eosque
381 715 510 772 purpura
529 695 653 765 variant,
675 699 847 769 partemque
867 691 992 747 vestitus

94 793 313 870 superiorisin
336 792 463 848 manicas
484 811 544 847 non
566 791 738 859 extendunt,
758 789 854 845 nudae
874 787 993 844 brachia

93 912 130 949 ac
144 891 293 961 lacertos3
315 888 367 945 sed
380 895 410 945 et
422 887 557 964 proxima
569 906 636 962 pars
649 885 773 961 pectoris
787 890 875 960 patet.

159 985 290 1043 XVIII.
333 984 516 1060 Quamquam
537 1002 636 1040 severa
654 983 716 1040 illic
729 981 923 1050 matrimonia,
939 999 993 1037 nec

73 1083 194 1191 qullam
207 1099 323 1136 morum
342 1085 456 1156 partem
476 1080 568 1154 magis
588 1058 768 1140 laudaveris]
802 1075 882 1133 Nam
902 1096 993 1152 prope

96 1179 156 1238 soli
175 1178 366 1234 barbarorum
386 1176 509 1251 singulis
529 1176 671 1231 uxoribus
690 1173 822 1230 contenti
842 1180 993 1244 11111111(-

97 1276 195 1351 ceptis
211 1273 367 1331 admodum
387 1273 494 1348 paucis,
510 1272 562 1347 qui
580 1291 641 1328 non
661 1271 790 1343 libidine,
814 1271 864 1327 secl
884 1263 947 1327 ob
944 1289 994 1326 no

98 1485 180 1524 uxor
193 1465 307 1536 marito,
323 1463 373 1520 sed
392 1460 479 1520 uxori
499 1465 622 1520 maritus
642 1463 736 1520 offert.
778 1464 931 1520 Intersunt
945 1483 995 1538 pa-

99 1567 204 1619 rentes
223 1568 254 1617 et
273 1559 432 1635 propinqui
451 1579 485 1616 ac
505 1578 628 1617 munera
641 1560 773 1634 probant,
789 1577 919 1629 munera,
934 1577 993 1614 non

99 1659 140 1716 ad
153 1657 275 1714 delicias
289 1655 445 1712 muliebres
459 1654 597 1732 quaesita,
612 1673 665 1710 nec
678 1656 784 1729 quibus
804 1673 880 1709 nova
900 1660 995 1727 nupta

101 1759 246 1836 comatur,
269 1753 319 1813 sed
343 1753 437 1824 beves,
461 1758 492 1809 et
511 1753 661 1819 frenatum
685 1772 800 1831 equum,
826 1759 856 1809 et
879 1759 994 1808 scutum

546 1826 652 1844 §ab
699 1833 708 1859 ·

96 1867 172 1907 cum
186 1847 297 1904 framea
309 1846 471 1923 gladioque.
514 1847 553 1903 In
567 1846 637 1904 haec
656 1867 779 1903 munera
798 1866 873 1903 uxor
892 1847 996 1922 accipi-

101 1952 163 2016 tur,
186 1945 304 2019 atque
295 1944 422 2000 rnvicem
441 1944 504 2019 ipsa
524 1962 671 2000 armorum
691 1943 802 2019 aliquid
821 1944 886 1999 viro
902 1942 994 1999 affert

103 2041 176 2098 Hoc
194 2039 356 2096 maximum
376 2039 534 2110 vinculum,
556 2040 626 2097 haec
647 2059 751 2096 arcana
763 2058 850 2109 11111,
866 2039 918 2095 1111
932 2058 998 2095 con-

103 2137 220 2213 iugales
243 2136 311 2192 deos
332 2137 520 2194 arbitrantur.
563 2137 611 2193 Ne
632 2157 662 2194 11
643 2111 788 2193 mulier
806 2145 891 2193 extra
904 2137 997 2193 virtu-

103 2242 171 2308 tum
185 2234 296 2343 cogitat
296 2234 377 2292 iones
395 2241 536 2311 extraque
555 2235 698 2292 bellorum
719 2254 801 2292 casus
820 2241 874 2310 put
862 2235 935 2306 t,'et
928 2235 998 2310 ipsis

106 2309 278 2408 cipiantis
301 2332 481 2388 matrimonii
501 2333 635 2408 auspiciis
655 2335 790 2393 admonet
778 2341 828 2390 tur
847 2335 947 2390 tenire
968 2353 998 2391 se

104 2431 245 2488 laborum
265 2429 518 2504 periculorumque
540 2431 654 2502 sociam,
677 2431 784 2488 idem
774 2451 807 2487 1n
827 2451 904 2507 pace,
920 2432 999 2488 idem

105 2529 139 2583 111
153 2524 265 2601 proelio
285 2543 434 2599 passuram
455 2544 656 2601 ausuramque.
699 2526 766 2583 Hoc
787 2525 881 2583 iuncti
902 2528 996 2597 boves,

103 2621 163 2687 hoc
185 2625 306 2695 paratus
327 2639 426 2696 equus,
452 2621 507 2678 hoc
530 2622 599 2678 data
621 2618 702 2679 arma
729 2624 906 2681 denuntiant
916 2643 925 2696 3
959 2624 999 2681 111

104 2715 278 2787 vivendum,
302 2717 343 2774 sic
367 2717 548 2792 pereundum
559 2737 569 2790 3
598 2719 783 2793 acciperem,
806 2740 880 2795 qua-e
900 2720 999 2777 liberis

105 2812 254 2868 inviolata
266 2831 300 2869 ac
314 2813 404 2888 digna
417 2813 525 2883 reddat,
539 2833 613 2889 quae
626 2833 717 2872 nurus
730 2817 874 2891 accipiant
887 2835 999 2873 rursus·

106 2929 166 2987 que
180 2909 220 2966 ad
234 2916 355 2984 nepotes
368 2910 541 2969 referantur.
562 2928 563 2932 ¹

168 3005 278 3063 XIX.·
313 3005 392 3081 Ergo
416 3012 498 3096 sept-a
521 3007 662 3081 pudicitia
683 3015 783 3083 agunt,
808 3008 898 3066 nullis
922 3027 999 3082 spec

105 3103 276 3164 taculorum
290 3103 442 3170 illecebris,
462 3103 551 3145 nolli«
572 3105 771 3161 annviviorum
786 3103 1012 3160 irritationibus-

106 3207 274 3276 corruptac.
316 3198 493 3257 Litterarr-.·
567 3216 612 3252 er
641 3200 690 3252 111Ι
711 3208 800 3272 pat*
831 3220 853 3252 ει
879 3226 912 3251 2..
939 3242 964 3250 ..

104 3304 260 3378 ignorant.
300 3297 476 3357 Paucissin·¹¹.
503 3317 522 3350 a
558 3317 613 3350 mr:
645 3317 675 3331 ..
700 3317 705 3329 =

105 3399 195 3469 teria,
224 3414 346 3472 quorem
371 3414 451 3472 poen:
