2206 3682
255 141 481 239 sennenn·
498 177 834 237 xxxvnna-xnv.
948 179 986 237 25

94 311 273 370 libertatem
315 310 457 368 Protinus
492 311 596 367 deinde
627 311 665 368 ab
692 309 808 368 Oceano
835 309 927 386 Rugii
957 319 987 369 et

94 407 241 479 Lemovii,
256 407 444 483 omniumque
460 406 565 464 harum
581 407 713 482 gentium
731 407 845 482 insigne
861 408 987 464 rotunda

93 511 189 574 scuta,
205 505 307 562 breves
319 503 412 580 gladii
424 510 454 562 et
468 523 536 579 erga
549 521 630 578 reges
644 505 822 580 obsequium

156 599 276 658 XLIV.
319 600 461 657 Suionum
485 601 554 656 hinc
577 599 710 656 civitates
732 600 850 674 ipsein
872 598 987 658 Oceano

93 705 214 775 praeter
223 700 302 756 viros
315 717 452 774 armaque
465 697 603 754 classibus
617 697 723 755 velent.
747 698 853 755 Forma
866 699 985 756 navium

90 815 129 852 eo
151 794 260 865 differt,
281 793 361 870 quod
385 793 535 868 utrimque
556 811 643 872 prore
660 797 792 869 para-tem
810 813 923 869 semper
938 815 986 870 ap

92 889 198 966 pulsui
222 890 350 946 frontem
381 889 450 964 agit
500 887 564 944 Nec
590 887 664 944 velis
689 887 904 958 ministrentur,
932 908 985 948 nec

92 1005 192 1043 remos
205 985 238 1042 in
251 984 384 1041 ordinem
397 983 538 1040 lateribus
551 981 716 1058 adiungunt
721 1002 730 1055 3
752 982 888 1055 solutum,
901 990 937 1041 ut
953 986 985 1042 in

93 1081 273 1158 quibusdam
292 1081 455 1151 fluminum,
475 1085 506 1137 et
523 1078 672 1149 mutabile,
690 1085 786 1136 utres
802 1080 985 1155 poscithinc

93 1179 144 1236 vel
163 1178 248 1236 illinc
265 1178 427 1254 remigium.
469 1175 524 1233 Est
539 1176 616 1250 apud
637 1175 702 1231 illos
720 1182 750 1232 et
765 1175 868 1251 opibus
884 1175 984 1247 honos,

93 1293 190 1350 eoque
209 1292 285 1330 unus
302 1273 460 1349 imperitet,
479 1270 570 1327 nullis
591 1271 649 1326 iam
673 1270 900 1346 exceptionibus,
924 1282 985 1328 non

93 1371 228 1447 precario
251 1371 315 1427 iure
337 1368 465 1446 parendi
508 1367 572 1425 Nee
595 1387 685 1439 arma,
710 1374 746 1425 ut
772 1370 849 1446 apud
876 1376 985 1428 ceteros

94 1473 267 1544 Germanos,
286 1472 319 1528 in
340 1471 511 1548 promiscuo,
534 1471 586 1527 sed
608 1470 704 1527 clause
725 1471 780 1528 sub
803 1473 930 1541 custode,
955 1481 985 1531 et

93 1569 216 1644 quidem
229 1587 319 1639 servo,
339 1569 410 1644 quie
426 1567 537 1624 subitos
555 1567 683 1624 hostium
702 1568 834 1625 incursus
850 1570 985 1645 prohibet

94 1664 239 1736 Oceanus,
262 1663 355 1720 otiose
371 1681 458 1737 porro
478 1668 656 1719 armatorum
676 1682 780 1720 manus
799 1665 883 1722 facile
903 1665 983 1723 iasci-

93 1762 194 1818 vinnt.
237 1758 395 1816 Enimvero
422 1777 516 1833 neque
544 1757 671 1814 nobilem
697 1778 791 1834 neque
814 1759 982 1835 ingenuum,
1005 1795 1006 1799 =

93 1877 133 1914 ne
147 1857 319 1912 libertinum
337 1855 456 1930 quidem
479 1853 567 1910 armis
579 1873 757 1930 praeponere
777 1857 857 1930 regia
871 1857 984 1916 utilitas

93 1961 147 2012 est

158 2050 259 2108 XLV.
299 2051 393 2108 Trans
417 2050 540 2107 Suiones
573 2049 654 2107 aliud
687 2069 775 2119 mare,
802 2051 918 2126 pigrum
951 2072 984 2110 sc

93 2169 188 2225 prope
210 2148 372 2220 immotum,
393 2167 451 2223 quo
468 2147 546 2222 cingi
566 2146 702 2222 cludique
722 2152 865 2204 terrerum
886 2150 984 2205 orbem

92 2246 167 2302 hinc
188 2245 267 2316 fides
291 2244 370 2320 quod
391 2250 540 2302 extremus
563 2242 693 2299 cedentis
713 2242 773 2299 iam
794 2243 985 2319 solisfulgor
1093 2305 1096 2311 ,

92 2346 127 2402 in
141 2350 225 2401 ortus
238 2343 341 2401 edurat
354 2342 426 2400 adeo
439 2343 542 2408 clarus,
552 2349 588 2399 ut
601 2342 695 2398 sidera
708 2341 833 2398 hebetet.
874 2341 984 2398 Senum

92 2442 217 2516 insuper
230 2440 404 2514 emergentis
417 2439 519 2509 audiri,
535 2439 698 2513 formasque
711 2438 832 2494 deorum
846 2443 876 2494 et
889 2437 984 2495 radios

92 2536 201 2613 capitis
220 2537 308 2611 aspici
327 2536 473 2610 persuasio
492 2535 598 2591 adiicit.
642 2533 718 2589 Illuc
736 2552 828 2609 usque
847 2533 985 2608 (etfama

91 2634 178 2712 vera)
193 2640 310 2691 tantum
323 2642 437 2692 nature.
480 2633 558 2708 Ergo
572 2633 630 2688 iam
647 2632 751 2689 dextro
765 2633 880 2690 Suevioi
896 2636 985 2690 maris

92 2733 183 2790 litore
214 2730 385 2795 Aestiorum
421 2735 522 2804 gentes
559 2729 719 2799 alluuntur,
763 2729 869 2804 quibus
909 2729 984 2784 ritus

92 2828 272 2903 habitusque
304 2826 475 2899 Suevorum,
506 2827 608 2900 lingua
639 2825 827 2883 Britannicae
858 2826 982 2901 propior.

94 2926 226 2982 Matrem
263 2925 349 2981 deum
386 2930 581 2994 venerantum
620 2922 735 2998 insigne
772 2923 985 2998 superstitionis

94 3025 204 3081 formes
225 3042 362 3099 aprorum
383 3027 507 3097 gestent.
550 3020 589 3076 Id
611 3039 664 3096 pro
684 3020 773 3076 armis
796 3020 985 3094 omniumque

95 3121 192 3178 tutela
218 3139 352 3178 securum
386 3118 457 3174 deae
490 3117 631 3174 cultorem
661 3117 751 3173 etiam
782 3115 861 3172 inter
889 3115 986 3172 hostes

94 3224 234 3295 praestet
279 3218 376 3273 Rarus
396 3216 473 3286 ferri,
496 3215 631 3289 frequens
650 3213 774 3270 fustium
794 3231 871 3268 usus.
915 3210 986 3268 Fru-

96 3322 198 3374 menta
220 3320 385 3388 ceterosque
402 3313 514 3370 fructus
535 3311 697 3390 patientius
717 3327 811 3386 quem
825 3328 883 3386 pso
902 3308 995 3365 seius

95 3412 303 3469 Germanorum
317 3412 429 3471 inertia
443 3412 592 3476 laborent.
617 3411 683 3473 seu
691 3416 725 3472 et
733 3428 821 3469 mure
829 3408 1025 3469 scrutentur,
