2206 3682
101 160 118 215 2
354 159 556 220 CORNELII
582 158 725 220 raom

159 288 201 347 II.
252 288 396 366 Legimus,
429 309 519 366 quum
552 288 685 346 Aruleno
717 287 841 346 Rustico
875 289 986 348 Paetus

99 386 232 462 Thrasea,
255 386 407 444 Herennio
432 385 584 444 Senecioni
605 385 722 442 Priscus
743 384 904 454 Helvidius
925 387 987 444 lau-

100 485 162 540 dati
181 488 283 555 essent,
302 484 424 559 capitale
442 483 538 554 fuisse,
558 501 652 558 neque
669 482 702 538 iu
719 482 798 556 ipsos
815 483 902 539 modo
921 502 987 543 sue

101 585 184 650 tores,
205 578 256 634 sed
272 578 306 634 in
322 578 412 636 libros
430 598 545 654 quoque
564 596 663 634 eorum
681 578 832 659 saevitum,
853 576 987 667 Qu)

99 674 262 732 triumviris
288 674 458 756 ministeriu,
482 681 517 732 ut
543 680 733 732 monumenta
759 675 1001 732 clarissimorum·

99 770 282 847 ingeniorum
295 770 328 826 in
341 770 457 846 comitio
470 789 503 827 ac
518 771 581 827 foro
594 777 755 829 urerentur.
799 768 919 828 Scilicet
934 772 987 828 illo

99 861 166 941 igne
187 883 287 922 vocem
306 859 408 941 populi
429 865 556 922 Romani
579 877 609 922 et
629 865 794 922 libertatem
815 873 936 924 senatus
956 870 987 925 e't

99 962 303 1019 conscientiam
331 962 443 1038 generis
471 961 592 1018 humani
620 961 728 1018 aboleri
755 963 985 1033 arbitrabantur,

100 1058 256 1134 expulsis
247 1077 379 1133 1nsuper
385 1058 544 1147 sapientiae
563 1041 772 1132 professoribus
794 1063 824 1114 at
801 1077 883 1141 que
895 1061 985 1126 omni

99 1152 175 1209 bona
192 1163 255 1210 arte
273 1138 440 1209 inexilium
458 1158 530 1223 acts,
550 1171 588 1208 ne
606 1152 677 1227 quid
691 1172 813 1228 usquam
826 1152 1031 1211 honestum

2 1302 22 1323 h
99 1254 268 1329 occurreret.
311 1247 453 1304 Dedimus
467 1248 594 1327 profecto
607 1248 716 1322 grande
728 1230 888 1323 patientiae
874 1236 988 1311 ducii-

98 1330 248 1413 mentum,
268 1348 299 1398 et
317 1343 392 1398 siout
410 1349 494 1398 vetus
512 1350 592 1399 aetas
609 1344 694 1415 vidit,
708 1345 779 1420 quid
797 1344 937 1402 ultimum
955 1348 988 1402 in

17 1488 22 1497 .
98 1435 233 1493 libertate
248 1437 354 1509 essetf
346 1443 369 1493 1
371 1456 388 1492 a
406 1455 466 1508 nos,
482 1438 578 1512 quid
570 1457 603 1493 111
621 1439 696 1494 servi
697 1445 768 1510 tute,
784 1439 920 1521 adempto
934 1458 988 1517 per

101 1531 302 1608 inquisitiones
324 1533 412 1588 etiam
423 1533 570 1607 loquendi
591 1533 786 1616 audiendique
804 1538 984 1596 commercio
1015 1593 1019 1602 ,

102 1629 271 1687 Memoriam
292 1648 406 1705 quoque
425 1631 517 1705 ipsam
537 1650 603 1687 eum
622 1649 691 1687 voce
709 1632 985 1706 perdidissemus,
962 1653 988 1690 si

99 1726 206 1782 tamin
219 1731 320 1782 nostra
334 1731 477 1800 potestate
491 1732 565 1782 esset
579 1726 709 1782 oblivisci
723 1746 810 1802 quam
823 1734 928 1787 tacere

159 1821 220 1880 ΙΙΙ.
263 1822 352 1879 Nunc
372 1822 489 1878 demum
509 1822 585 1878 redit
603 1823 731 1894 animus3
757 1829 787 1880 et
808 1843 988 1901 quamquam

99 1919 192 1995 primo
210 1919 310 1977 statim
328 1902 487 1975 beatissimi
506 1918 594 1974 seculi
613 1924 680 1975 ortu
699 1919 730 1973 N
731 1938 799 1976 erva
816 1919 923 1978 Caesar
941 1942 987 2000 res

99 2016 170 2072 olim
193 2013 386 2083 dissociabiles
410 2014 566 2084 miscuerit,
591 2014 788 2090 principatum
811 2035 843 2072 ac
867 2016 988 2075 liberta·

99 2117 166 2185 tem,
185 2118 345 2187 augeatque
364 2112 494 2187 quotidie
515 2111 637 2167 felicitat
625 2118 684 2168 tem
701 2110 863 2188 temporum
884 2115 915 2170 N
917 2135 988 2173 ena

100 2206 241 2264 Traianus
242 2215 317 2279 ,tneo
334 2227 415 2283 spem
432 2208 517 2264 modo
531 2228 563 2264 ac
577 2217 680 2265 votum
697 2208 841 2266 Securitas
859 2211 991 2286 publica}

13 2340 17 2345 -
100 2303 175 2359 sed
168 2304 258 2378 lpsius
276 2304 338 2359 voti
357 2286 493 2383 fiduciam
511 2323 544 2360 ac
555 2304 649 2383 robur
667 2307 859 2381 assumpserit,
878 2313 987 2365 natura

101 2405 198 2456 tamen
223 2376 402 2456 infirmitatis
428 2378 571 2457 humanae
601 2401 731 2458 tardiora
761 2408 830 2458 sunt
858 2406 987 2461 remedia

100 2517 188 2574 quam
201 2498 293 2569 mala,
315 2504 345 2554 et
362 2503 395 2553 ut
409 2517 527 2573 corpora
539 2503 638 2554 nostra
653 2499 732 2556 lente
745 2508 911 2575 augescunt,
927 2503 986 2559 cito

92 2594 322 2673 extinguuntur,
336 2594 376 2651 sic
389 2595 506 2670 ingenis
519 2596 672 2671 studiaque
686 2578 859 2671 oppresseris
871 2597 987 2656 facilius

100 2709 188 2766 quam
201 2691 387 2748 revocaveris.
419 2678 517 2760 Subit
530 2692 638 2767 quippe
652 2693 741 2749 etiam
757 2694 847 2768 ipsius
860 2694 986 2753 inertiae

100 2784 288 2874 duloedqfet
314 2784 409 2842 invise
435 2778 529 2861 primo
552 2787 661 2857 desidia
688 2795 832 2863 postremo
859 2799 1012 2849 amatur..·

101 2880 205 2950 Quidl
222 2880 247 2938 si
266 2900 319 2957 per
338 2882 503 2957 quindecim
523 2903 622 2955 annos,
643 2883 752 2959 grande
771 2885 902 2941 mortalis
920 2889 987 2945 aevi

100 2977 236 3053 spatium,
258 2976 345 3032 multi
366 2977 495 3034 fortuitis
513 2978 633 3049 casibus,
657 2979 889 3054 promptissimus
909 2984 987 3058 quis·

100 3094 157 3150 que
184 3073 306 3131 saevitia
336 3073 474 3149 principis
503 3074 723 3145 interciderunt,
750 3076 843 3150 pauci,
871 3083 910 3149 st,
939 3081 987 3137 uti

100 3170 232 3241 dixerim,
255 3189 314 3227 non
338 3170 423 3226 modo
443 3160 575 3242 aliorum,
597 3169 647 3228 sed
667 3171 756 3228 etiam
775 3173 869 3230 nostri
888 3193 987 3250 super-

65 3267 68 3276 ’
100 3266 183 3323 stites
201 3285 308 3336 sumus,
323 3267 465 3342 exemptis
483 3285 499 3323 e
516 3268 611 3324 media
629 3267 690 3323 vita
708 3272 754 3324 tot
770 3270 862 3340 annis,
876 3271 986 3346 quibus

88 3360 213 3419 iuvenes
232 3362 272 3420 ad
291 3366 483 3439 senectutem,
502 3351 586 3448 senes
603 3383 696 3442 prope
714 3365 755 3423 ad
770 3366 850 3440 ipsos
867 3374 988 3426 arsetas

988 1109 1031 1167 abd
