2206 3682
169 190 206 247 22
426 187 629 250 CORNELII
655 187 797 250 raolrl

168 319 346 396 polluuntur.
383 317 465 376 Bona
477 319 668 394 fortunaeque
680 319 713 375 in
722 319 876 390 tributum,
888 323 1053 395 ageretque

168 435 263 475 annua
283 417 316 474 in
342 417 529 488 frumentum,
557 434 676 493 corpora
701 417 765 492 ipsa
786 434 819 472 ae
845 432 950 472 manus
973 417 1051 474 silvis

168 533 201 572 eo
214 513 368 590 paludibus
383 515 570 572 ‘emuniendis
582 515 661 572 inter
678 515 799 572 verbera
813 534 847 572 ao
864 516 1054 574 contumelias

168 614 365 666 conteruntur.
407 609 488 666 Nata
500 611 637 667 servituti
653 612 797 686 mancipia
809 610 898 668 semel
915 619 1050 687 veneunt,

167 711 257 782 atque
271 705 352 763 ultro
369 707 527 764 adominie
546 707 668 764 aluntur
677 726 686 779 3
707 706 863 764 Britannia
879 709 1050 765 servitutem

168 820 251 857 suam
272 800 402 876 quotidie
429 802 509 871 emit,
538 801 669 877 quotidie
695 801 794 876 pascit
844 802 893 857 Ae
918 803 997 859 sieut
1022 803 1051 860 in

167 897 277 956 familia
290 899 505 956 recentissimus
514 899 637 973 quisque
648 915 795 954 servorum
807 897 898 953 etiam
908 898 1051 956 conservis

168 994 295 1052 ludibrio
309 1001 360 1066 est,
376 995 416 1052 sio
429 996 461 1052 in
474 995 529 1051 hoe
541 994 619 1051 orbis
636 1000 780 1051 terrarum
794 1000 892 1050 vetere
909 994 1051 1052 famulatu

167 1092 238 1150 novi
254 1110 309 1149 nos
327 1097 357 1148 et
371 1091 444 1148 viles
462 1092 492 1148 in
513 1091 660 1148 excidium
677 1091 812 1166 petimur.
855 1089 962 1165 Neque
976 1092 1052 1148 enim

83 1172 85 1177 ’
167 1206 238 1246 arra
256 1189 338 1245 nobis
359 1195 412 1246 aut
430 1189 549 1246 metalla
566 1195 618 1246 aut
638 1194 739 1264 portus
757 1193 835 1260 sunt,
854 1188 962 1263 quibus
977 1207 1052 1245 exer

167 1281 275 1342 eondis'
288 1303 474 1342 reservemur.
517 1285 624 1342 Virtus
645 1303 732 1362 porro
749 1303 783 1342 ae
803 1283 909 1341 ferocia
929 1286 1052 1342 subiect-

167 1399 252 1437 orum
277 1379 393 1456 ingrata
418 1371 628 1457 imperantibus
640 1401 648 1454 3
674 1388 705 1438 et
731 1379 931 1456 longinquitas
954 1398 988 1437 ao
1014 1397 1052 1436 se

166 1482 278 1532 eretum
298 1476 393 1551 ipsum
414 1496 471 1552 quo
492 1477 594 1551 tutius,
612 1497 646 1535 eo
665 1478 834 1554 suspectius.
876 1477 925 1534 Ita
939 1478 1052 1535 sublata

64 1610 65 1615 κ
167 1591 217 1648 spe
234 1572 337 1629 veniae
356 1574 477 1630 tandem
498 1570 604 1631 sumite
619 1576 758 1645 animum,
774 1581 835 1630 tam
850 1575 960 1650 quibus
978 1575 1052 1631 salus

165 1676 255 1744 quam
272 1670 379 1744 quibus
398 1669 490 1746 gloria
509 1671 656 1728 carissime
677 1676 728 1728 est.
771 1670 925 1746 Brigantes
946 1671 1053 1728 femina

166 1765 239 1821 duee
267 1783 389 1823 exurere
418 1767 567 1838 coloniam,
596 1784 764 1842 expugnare
794 1773 896 1836 eastra,
924 1785 967 1839 ae,
998 1764 1052 1824 nisi

165 1859 288 1917 felicitas
301 1861 334 1917 in
347 1863 504 1919 socordiam
517 1862 660 1933 vertisset,
675 1879 782 1917 exuere
800 1860 902 1936 iugum
915 1867 1053 1936 potuere3

90 1972 92 1976 ⁴
165 1974 219 2014 nos
232 1958 341 2033 integri
354 1963 385 2016 et
397 1960 534 2017 indomiti
548 1964 578 2016 et
595 1959 761 2016 libertatem
776 1977 836 2014 non
855 1958 887 2013 in
903 1957 1052 2034 poeniten-

167 2052 240 2110 tiam
254 2054 351 2127 laturi,
371 2056 465 2130 primo
483 2055 585 2112 stetim
598 2072 752 2130 congressu
765 2053 963 2125 ostendamus,
981 2071 1052 2129 quos

165 2151 221 2208 sibi
236 2151 392 2208 Caledonia
405 2152 482 2208 vires
496 2152 661 2228 seposuerit.

225 2247 367 2305 XXXII.
410 2249 463 2305 An
480 2251 602 2307 eandem
617 2248 757 2305 Romanis
770 2247 802 2304 in
815 2247 892 2305 bello
910 2247 1052 2304 virtutem

153 2365 255 2430 ‘quam
281 2346 314 2403 in
342 2363 416 2422 pace
442 2347 590 2405 lasciviam
620 2347 717 2404 edesse
747 2345 885 2404 creditisi
934 2345 1053 2402 Nostris
1095 2416 1097 2427 Ι

166 2442 212 2500 illi
225 2443 451 2500 dissensionibus
464 2464 497 2501 ae
515 2444 664 2501 discordiis
685 2444 755 2500 olari
774 2443 849 2499 vitia
869 2443 999 2499 hostiurn
1021 2443 1053 2499 in
1095 2469 1097 2509 ς

165 2539 288 2614 gloriam
310 2541 454 2597 exereitus
476 2541 522 2597 sui
544 2547 665 2597 vertunt
675 2561 684 2613 3
706 2559 793 2616 quem
814 2544 997 2596 eontraotum
1015 2558 1053 2596 ex

166 2635 368 2722 diversissimis
388 2637 524 2713 gentibus
543 2643 579 2694 ut
596 2638 736 2694 secundae
754 2654 800 2693 res
818 2640 930 2706 tenent,
944 2636 988 2692 ita
1004 2635 1052 2692 ad·

166 2751 265 2790 versae
285 2734 451 2808 dissolvent,
470 2736 528 2792 nisi
550 2734 649 2792 Gallos
670 2741 700 2792 et
721 2734 881 2791 Germanos
899 2738 929 2789 et
949 2732 1053 2808 (pudet
1095 2730 1097 2787 3

165 2830 258 2911 dictu)
269 2831 479 2890 Britannorum
488 2833 648 2909 plerosque,
659 2832 728 2889 lieet
738 2828 931 2888 dominationi
941 2829 1052 2885 alienae

164 2928 335 3006 sanguinem
360 2930 549 3000 commodent,
574 2929 687 2986 diutius
712 2933 811 2984 tamen
837 2925 936 2982 hostes
964 2942 1053 3001 quam
1095 2960 1097 2965 -

166 3045 271 3099 servos,
286 3028 343 3084 fide
356 3034 386 3084 et
402 3029 508 3085 affectu
525 3028 619 3084 teneri
636 3026 755 3103 putatis.
798 3023 900 3081 Metus
913 3040 947 3079 ae
959 3029 1053 3080 terror
1095 3076 1097 3097 Ε

166 3128 218 3191 est,
232 3123 349 3181 infirma
361 3107 459 3181 vincia
471 3124 534 3181 loco
547 3123 696 3194 eeritetis3
718 3140 792 3198 quae
812 3119 865 3177 ubi
885 3117 1051 3186 removeris,
1095 3114 1097 3173 Ξ

166 3218 218 3294 qui
227 3220 331 3277 timere
344 3218 490 3292 desierint,
505 3220 597 3278 odisse
610 3219 760 3296 incipient.
796 3216 905 3274 Omnia
914 3215 1053 3274 viatoriae

164 3317 355 3375 incitamenta
377 3335 431 3394 pro
458 3317 542 3374 nobis
568 3329 638 3374 sunt
649 3335 658 3389 3
686 3314 784 3372 nullae
811 3312 961 3370 Romanoa
987 3331 1052 3370 eon·

165 3413 247 3491 iuges
270 3414 439 3484 eeoendunt,
460 3413 537 3471 nulii
562 3417 697 3490 parentes
724 3412 824 3488 fugam
847 3407 1051 3487 exprobraturi
