2206 3682
248 177 469 271 arsurum
495 153 829 236 xxxma-xor.
913 173 984 230 ss
1050 203 1052 207 -

91 315 207 386 colunt,
236 327 357 389 eamque
378 310 559 369 'intervenire
586 308 673 366 rebus
700 304 860 376 hominum,
885 304 986 364 invehi

92 409 212 488 populis
238 409 427 466 arbitrantur.
469 406 525 463 Est
552 395 586 461 in
615 402 711 460 insula
737 401 846 459 Oceani
874 408 985 459 castum

91 523 208 575 nemus,
223 504 408 579 dicatumque
423 501 456 559 in
474 521 509 559 eo
524 499 700 568 vehiculum,
714 503 796 554 veste
812 503 983 556 contectum

92 603 257 676 Attingere
270 599 323 656 uni
336 597 478 656 sacerdoti
490 614 661 654 conoessum
691 594 724 651 Is
737 594 833 651 adesse
843 595 987 670 penetrali
1071 665 1074 672 Ι

92 702 181 758 deam
201 697 350 771 intelligit,
369 693 540 770 vectamque
560 693 655 750 bubus
674 691 790 748 feminis
807 691 902 747 multa
919 701 986 748 oum

92 795 283 854 veneratione
299 792 491 869 prosequitur.
534 789 620 846 Laeti
640 793 712 845 tunc
731 788 800 860 dies,
821 788 895 846 festa
914 788 984 860 loca,

92 861 287 968 quaecunque
300 889 428 945 adventu
441 884 625 960 hospitioque
638 883 784 958 dignatur.
826 883 897 941 Non
910 884 987 942 bella

93 990 210 1058 ineunt,
222 996 283 1043 no'n
296 1005 378 1043 arma
389 989 511 1041 sumunt
517 1001 526 1054 3
540 981 670 1039 clausum
683 1000 768 1038 omne
781 981 891 1038 ferrum
898 1001 906 1054 ;
928 1000 987 1057 pax

92 1093 126 1143 et
142 1085 227 1161 quies
240 1089 311 1140 tuuc
328 1087 446 1138 tantum
459 1085 536 1151 nota,
551 1087 623 1137 tune
640 1085 758 1137 tantum
775 1086 881 1151 amata,
895 1081 986 1138 donec

93 1181 175 1237 idem
189 1178 320 1236 sacerdos
336 1177 471 1234 satiatam
486 1176 704 1233 conversatione
720 1177 888 1233 mortalium
902 1177 986 1235 deam

94 1271 208 1351 templo
220 1274 331 1332 reddat
360 1272 436 1329 Mox
447 1272 612 1329 vehiculum
628 1278 659 1328 et
671 1278 767 1330 restes
780 1279 818 1344 et,
833 1273 858 1330 si
871 1274 986 1332 credere

94 1373 178 1442 velis,
213 1390 322 1428 numen
357 1371 454 1445 ipsum
483 1374 591 1427 secreto
623 1369 689 1426 lacu
722 1369 860 1428 abluitur.
903 1370 986 1428 Servi

95 1465 275 1539 ministrant,
295 1487 367 1544 quos
386 1468 487 1525 statim
504 1467 582 1524 idem
601 1466 685 1524 lacus
700 1467 807 1540 haurit.
849 1467 985 1526 Arcanos

94 1565 166 1621 hinc
185 1570 280 1622 terror
295 1569 451 1639 sancteque
467 1563 639 1640 ignorantia,
657 1564 728 1640 quid
746 1564 786 1621 sit
803 1563 886 1636 illud,
908 1567 986 1640 quod

94 1667 216 1719 tantum
228 1659 352 1736 perituri
365 1659 474 1716 vident.

156 1755 244 1814 XLI.
285 1755 327 1813 Et
347 1757 418 1814 haee
435 1756 554 1832 quidem
571 1774 639 1833 pars
660 1755 823 1814 Suevorum
843 1758 876 1815 in
892 1747 986 1816 'secra

94 1852 175 1912 ciera
198 1851 372 1910 Germaniae
394 1837 559 1928 porrigitur.
602 1852 732 1928 Propior,
761 1851 817 1930 (ut,
841 1856 986 1929 quomodo

94 1949 186 2026 paulo
212 1955 281 2006 aute
309 1947 455 2018 Rhenum,
483 1948 524 2004 sic
549 1966 627 2003 nunc
657 1948 825 2004 Danubium
859 1949 984 2026 sequar,)

95 2043 377 2104 Hermrmdurorum
399 2043 511 2114 civitas,
537 2043 596 2100 fida
617 2043 772 2115 Romanis;
800 2063 891 2120 eoque
917 2046 985 2103 solis

94 2141 312 2200 Germanorum
336 2158 397 2196 non
421 2140 455 2196 in
476 2138 541 2214 ripa
562 2140 772 2211 commercium,
798 2140 848 2196 scd
868 2140 985 2216 penitus

93 2245 187 2313 atquo
208 2237 242 2294 in
256 2221 495 2312 splendidissima
524 2234 646 2292 Raetiae
672 2235 838 2311 provinciae
864 2237 982 2296 colonia.

95 2333 212 2391 Passim
236 2337 269 2389 et
291 2331 353 2389 sine
380 2331 497 2387 custode
522 2335 683 2400 transeunt,
709 2337 739 2387 et
768 2350 861 2406 quum
883 2333 986 2390 ceteris

94 2431 233 2508 gentibus
249 2448 329 2486 arma
347 2428 433 2484 modo
451 2432 601 2502 castraque
616 2432 716 2483 nostra
731 2428 924 2500 ostendamus,
939 2429 985 2485 his

93 2529 198 2586 domos
228 2526 370 2601 villasque
400 2524 589 2600 patefecimus
618 2543 679 2581 non
707 2527 984 2601 concupiscentibus.

94 2623 136 2681 In
163 2623 383 2680 Hermunduris
409 2620 497 2676 Albis
523 2620 627 2692 oritur,
653 2620 763 2677 flumen
789 2621 925 2680 inclitum
955 2630 985 2679 et

93 2725 202 2776 notum
215 2717 286 2774 olim
292 2738 302 2791 3
322 2737 401 2775 nuno
415 2724 532 2775 tantum
546 2719 674 2778 auditur.

155 2814 261 2872 XLII.
302 2814 394 2871 quta
420 2814 648 2872 Hermunduros
674 2813 789 2872 Naristi
818 2835 852 2873 ac
881 2817 985 2874 deinde

94 2911 279 2970 Marcomani
309 2916 340 2968 et
367 2909 464 2978 Quadi
493 2917 592 2986 agunt.
635 2910 795 2987 Praecipua
812 2912 985 2970 ¹Marcoma

93 3028 203 3067 norum
223 3007 316 3084 gloria
333 3008 474 3084 viresque,
493 3013 583 3084 atque
599 3008 663 3084 ipsa
681 3010 770 3066 etiam
788 3009 985 3084 sedeapulsis

93 3107 166 3165 olim
186 3106 274 3178 Boiis,
293 3107 405 3163 virtute
425 3111 517 3181 parta.
558 3104 623 3162 Nec
648 3105 762 3162 Naristi
785 3105 919 3172 Quadive
939 3105 985 3163 de

93 3208 244 3278 generant
283 3202 384 3278 anue
397 3201 571 3259 Germaniae
583 3202 667 3258 velut
679 3201 759 3258 frons
773 3207 825 3273 est,
840 3206 985 3276 quatenus

95 3300 235 3358 Danubio
248 3299 405 3376 peragitur.
448 3297 642 3355 Marcomanis
656 3297 825 3373 Quadisque
840 3317 935 3372 usque
948 3299 992 3353 ad

94 3401 221 3452 nostum
233 3395 403 3454 memoriam
417 3415 502 3474 reges
516 3402 697 3458 manserunt
710 3416 753 3456 ex
759 3400 853 3474 gente
861 3393 1018 3469 ‘squamma
