2206 3682
122 169 139 226 o
289 247 291 252 ,
359 171 585 232 connum
610 171 758 234 rrcrrr

121 296 301 374 captivitate,
310 319 398 376 quam
406 301 491 377 longe
500 301 702 378 impatientius
712 301 887 359 feminarum
896 320 993 360 suarum
1038 335 1043 353 ι

121 394 240 469 nomine
262 395 379 467 timent,
405 397 485 468 adeo,
510 403 546 454 ut
570 398 711 455 efficacius
735 397 993 477 obligentur-'animi
1039 454 1043 463 ,

122 490 285 562 civitatum,
300 491 407 567 quibus
420 494 498 550 inter
512 494 626 551 obsides
640 493 754 570 puellae
767 512 884 571 quoquo
903 493 995 550 nobiles
1040 528 1043 560 :

121 589 310 666 imperantur.
366 591 466 648 Inesse
490 593 562 668 quin
584 592 674 648 etiam
695 597 829 676 sapatum
850 591 996 668 aliquidot

119 684 277 768 providum
290 689 405 760 putant,
420 706 474 744 nec
487 695 540 744 aut
554 689 674 745 consilia
688 708 788 745 earum
809 694 994 764 aspernantur,
1041 721 1043 743 ι

121 784 174 834 aut
194 799 329 855 responsa
355 781 516 856 negligunt
571 781 711 838 Vidimus
737 783 792 839 sub
814 783 883 840 divo
904 783 997 858 Vespa·

120 876 204 932 siano
231 874 383 949 Veledam,
412 879 462 934 diu
495 879 574 954 apud
604 879 757 956 plerosque
788 880 921 961 numinis
947 880 997 962 locu

118 972 258 1032 habitam.
301 976 359 1033 Sed
379 982 409 1033 et
429 976 499 1033 olim
519 976 687 1033 Albrunam
708 983 738 1034 et
759 958 921 1052 complures
938 964 996 1034 ilia

119 1071 252 1129 venerati
265 1077 342 1144 sunt,
358 1090 418 1128 non
438 1071 615 1159 adulatione,
636 1091 690 1130 nec
710 1078 862 1151 tamquam
884 1075 997 1132 facerent

89 1228 94 1234 .
118 1163 242 1302 dmiX.
305 1245 436 1303 Deorum
464 1245 591 1303 maxime
618 1245 799 1304 Mercurium
825 1248 935 1320 colunt,
960 1246 996 1305 cui

118 1342 207 1398 certis
220 1342 323 1399 diebus
335 1341 472 1399 humanis
486 1361 602 1418 quoque
615 1341 717 1399 hostiis
731 1343 817 1401 litare
833 1343 877 1409 fus
893 1344 995 1402 habent

118 1435 303 1517 [Herculem]
321 1459 355 1496 ac
379 1439 508 1496 Martem
529 1441 669 1496 concessis
687 1439 864 1498 animalibus
885 1441 994 1518 placant

117 1534 192 1591 Pars
214 1534 377 1593 Suevorum
400 1543 430 1594 et
454 1537 529 1594 Isidi
556 1539 704 1595 sacrificat
748 1538 839 1597 Unde
869 1559 953 1597 causa
973 1550 996 1595 ct

118 1631 198 1704 origo
209 1632 361 1706 peregrino
372 1651 460 1701 sacro,
472 1652 575 1708 parum
586 1633 720 1709 comperi,
733 1634 790 1690 nisi
802 1635 881 1710 quod
896 1637 996 1712 sigrium

116 1726 214 1800 ipsum
227 1727 259 1783 in
275 1728 394 1799 modum
411 1728 558 1786 Liburnae
576 1730 734 1806 figuratum
754 1731 840 1789 docet
858 1723 995 1789 advectam

116 1822 293 1897 religionem.
338 1823 476 1882 Ceterum
505 1845 558 1882 nec
588 1806 722 1883 cohibere
752 1828 917 1911 parietibus
942 1828 996 1884 uec

115 1939 210 1997 neque
237 1922 269 1978 in
294 1921 383 1978 ullam
406 1923 609 1980 humanioris
633 1923 756 1999 speciem
780 1925 950 1983 assimulare
966 1941 996 1980 er

115 2019 317 2093 magnitudine
331 2020 500 2077 coelestium
514 2021 702 2078 arbitrantur.
733 2020 828 2077 Lucos
841 2042 876 2079 ac
890 2039 995 2105 nemora

115 2120 290 2185 consecrant,
311 2116 488 2191 deorumque
508 2117 676 2173 nominibus
695 2117 844 2193 appellant
865 2098 998 2176 secretum

97 2244 102 2261 :
115 2212 196 2283 illud,
212 2214 290 2290 quod
304 2214 365 2270 sola
378 2215 542 2273 reverentia
554 2215 665 2272 vident.

21 2264 98 2425 VJ
174 2308 213 2366 X.
256 2309 399 2386 Auspicia
421 2317 578 2387 sortesque,
606 2318 641 2395 ut
669 2311 721 2395 qui
748 2313 888 2393 maxime,
915 2313 997 2369 obscr-

113 2410 193 2460 vant.
245 2405 375 2462 Sortium
395 2407 575 2464 consuetudo
596 2392 736 2483 simplicis
750 2400 899 2484 '‘Virgam
918 2405 994 2482 nugi·

113 2501 190 2557 ferae
216 2503 313 2561 arbori
340 2503 466 2560 decisam
493 2504 525 2560 in
550 2503 685 2587 surculos
708 2510 873 2581 amputant,
902 2519 995 2580 eosque

112 2596 190 2652 notis
211 2597 384 2671 quibusdam
404 2599 543 2676 discretos
563 2617 650 2674 super
670 2597 824 2655 candidam
838 2603 995 2673 testemte-

111 2710 191 2749 mere
203 2711 237 2749 ac
257 2693 378 2751 fortuito
398 2701 547 2770 spargunt.
591 2694 673 2765 Mox,
692 2694 717 2750 si
739 2694 855 2768 publice
878 2692 994 2753 consulo·

111 2793 169 2859 tur,
184 2789 314 2845 sacerdos
328 2789 464 2861 civitatis,
480 2791 525 2846 sin
538 2790 686 2866 privatim,
702 2790 764 2865 ipse
778 2797 862 2866 pater
876 2789 993 2848 familias

110 2891 244 2961 pretatus
257 2886 325 2942 deos
337 2886 506 2963 coelumque
521 2886 679 2961 suspiciens
699 2896 745 2943 ter
765 2888 896 2964 singulos
915 2885 992 2954 tollit,

110 2983 239 3040 sublatos
252 2982 410 3041 secundum
429 2984 598 3058 impressam
618 2988 686 3039 ante
706 2990 808 3040 notam
828 2984 991 3060 interprete
1018 3022 1021 3029 ,

111 3085 166 3138 tur.
210 3078 242 3136 si
255 3078 478 3155 prohibuerunt,
493 3078 576 3135 nulla
595 3079 631 3135 de
652 3066 752 3136 eadem
772 3099 804 3136 re
825 3078 857 3136 in
878 3078 991 3137 eundem

109 3176 187 3233 diem
208 3176 382 3234 consultatio
392 3196 402 3248 3
422 3176 468 3232 siu
488 3176 669 3252 permissum,
692 3175 889 3251 auspiciorum
907 3174 991 3233 adhuc

109 3273 180 3330 fides
207 3275 342 3348 exigitur.
399 3273 439 3330 Et
462 3272 536 3330 illud
559 3272 677 3348 quidem
702 3273 791 3330 etiam
815 3273 864 3331 hic
887 3279 991 3338 notun,

109 3369 209 3426 avium
225 3389 307 3427 voces
321 3370 492 3446 volatusque
506 3370 691 3444 interrogare.
734 3368 894 3448 Proprium
906 3365 990 3448 genus
