2206 3682
311 162 515 224 samecha
545 161 769 226 XLLXLVI.
830 157 833 163 ⁴
945 173 980 232 31

90 266 269 361 leniebatur,
297 290 368 366 quia
391 310 452 348 non
471 293 651 350 contumacia
674 314 769 371 neque
791 295 873 353 inani
895 299 981 356 iactat

91 385 178 439 tione
195 382 339 440 libertatis
357 383 464 440 famam
484 383 634 460 fatumque
650 386 832 461 provocabat.
874 373 992 463 Sciantj

90 477 204 554 quibus
217 477 306 534 moris
319 483 363 534 est
375 477 478 534 illicita
491 478 598 550 mirari,
614 498 696 555 posse
717 481 808 539 atiani
825 485 879 541 sub
899 487 983 545 malis

90 574 276 652 principibus
295 593 414 649 magnos
431 575 509 631 viros
529 593 597 646 csse,
623 577 849 655 obsequiumque
872 600 905 638 ao
922 566 992 675 ino-¹(

90 669 229 737 destiam,
249 674 275 726 si
301 669 445 726 industria
468 689 501 726 ac
519 670 603 745 vigor
623 672 723 742 assint,
752 691 786 730 eo
812 674 906 732 laudis
933 696 993 738 ex-,

89 769 204 839 cedere,
227 786 285 843 quo
304 766 435 843 plerique
458 786 522 843 per
518 767 665 844 abrupta,
686 770 788 827 sedin
805 773 920 830 nullum
939 776 1009 847 reis
1085 808 1088 815 ·

91 865 229 924 sublicas
248 884 341 935 usum,
363 864 515 922 ambitiosa
534 871 628 931 morto
647 866 877 975 inclaruemqut.

153 961 277 1023 XLIII.
319 960 402 1018 Finis
421 961 499 1017 vitae
520 963 582 1018 eius
602 961 685 1019 nobis
706 963 862 1030 luctuosus,
866 927 994 1022 aulicis

89 1056 197 1130 tristis,
212 1059 357 1114 extraneis
374 1058 462 1114 etiam
482 1057 645 1133 ignotisque
664 1076 721 1114 non
744 1059 805 1115 sinc
827 1078 895 1116 cura
914 1061 978 1118 fuit.

90 1154 215 1229 Vulgus
225 1172 338 1230 quoquc
351 1158 382 1210 et
394 1153 443 1210 hic
456 1153 537 1209 aliud
555 1170 643 1227 agens
662 1153 787 1228 populus
807 1159 837 1209 et
856 1155 980 1212 ventita-

90 1269 164 1307 vere
185 1250 224 1306 ad
249 1250 366 1306 domum
390 1254 421 1306 et
443 1267 495 1325 per
520 1249 583 1305 fora
602 1253 633 1305 et
652 1249 773 1306 circulos
791 1249 882 1307 locuti
902 1258 979 1325 sunt,

90 1366 149 1406 nec
170 1346 321 1423 quisquam
335 1345 434 1402 audita
451 1348 544 1400 morte
557 1343 712 1419 Agricolae
724 1350 777 1401 aut
789 1344 913 1403 laetatus
927 1359 978 1419 est,

89 1450 148 1502 aut
171 1444 272 1500 statim
297 1442 412 1500 oblitus
465 1441 505 1496 Et
530 1441 654 1516 augebat
677 1441 892 1500 miserationem
916 1456 980 1505 oon?

91 1547 176 1599 stans
197 1558 296 1596 rumor
312 1556 424 1596 veneno
443 1536 644 1612 interceptum
697 1536 792 1595 Nobis
810 1537 887 1596 nihil
907 1559 980 1597 oom-

90 1636 173 1714 perti
194 1635 335 1692 affirmare
356 1635 456 1693 ausim.
503 1634 640 1692 (laterum
661 1653 713 1710 per
734 1654 849 1692 omnem
870 1638 980 1695 valetu-

91 1731 195 1788 dinem
218 1731 288 1801 eius,
309 1730 436 1788 crebrius
456 1750 544 1806 quam
564 1748 601 1787 ox
624 1749 704 1787 more
726 1732 906 1807 principatus
928 1752 981 1809 per

91 1828 215 1885 nuntios
237 1829 365 1898 visentis,
388 1833 418 1884 et
441 1827 612 1884 libertorum
639 1829 727 1904 primi
749 1834 780 1885 et
802 1830 979 1888 medicorum

91 1927 196 1985 intimi
221 1945 332 1997 venere,
361 1926 421 1983 sive
448 1936 517 1982 cura
542 1925 616 1982 illud
643 1926 703 1983 sive
729 1926 881 2002 inquisitio
908 1934 977 1986 crat.

93 2022 238 2099 Supremo
264 2021 381 2098 quidem
407 2021 455 2078 die
481 2027 628 2078 momenta
654 2022 717 2096 ipsa
743 2022 902 2079 deficientis
928 2042 980 2099 per

92 2118 250 2194 dispositos
271 2135 400 2173 cursores
415 2116 552 2172 nuntiata
569 2117 725 2188 constabat,
747 2116 828 2172 nullo
846 2117 980 2174 credente

92 2214 136 2271 sic
159 2197 318 2282 accelerari,
340 2231 414 2288 quae
434 2212 529 2269 tristis
555 2212 676 2269 audiret
727 2211 858 2288 Speciem
881 2219 979 2271 temen

92 2309 203 2366 doloris
217 2309 314 2365 animo
327 2308 470 2383 vultuque
482 2327 551 2384 pras
565 2325 596 2364 se
608 2307 686 2378 tulit,
700 2326 817 2364 securus
831 2308 890 2365 iam
909 2309 977 2382 odii,

92 2411 125 2487 et
149 2404 202 2480 qui
227 2404 339 2461 facilius
366 2403 562 2460 dissimularet
588 2402 726 2478 gaudium
748 2421 836 2477 quam
859 2408 976 2461 metum.

93 2501 174 2558 Satis
187 2501 338 2557 constabat
349 2499 425 2556 lecto
445 2504 620 2556 testamento
638 2498 799 2574 Agricolae,
821 2517 879 2573 quo
898 2498 980 2555 cohe-

92 2597 194 2654 redem
211 2595 336 2671 optimae
357 2594 444 2652 uxori
462 2600 492 2651 et
512 2594 658 2671 piissimae
678 2595 756 2652 filiae
777 2592 979 2650 Domitianum

92 2691 217 2767 scripsit,
231 2691 372 2748 laetatum
385 2709 453 2747 eum
465 2691 548 2748 velut
568 2690 675 2748 bonore
695 2691 866 2766 iudicioque.
909 2689 981 2745 Tam
1064 2751 1067 2754 ⁴

92 2805 179 2845 caeca
192 2792 221 2843 et
234 2792 369 2862 corrupta
384 2805 465 2843 mens
485 2787 605 2843 assiduis
626 2787 841 2843 adulationibus
861 2791 931 2854 erat,
946 2794 981 2841 ut

93 2882 220 2940 nesciret
232 2901 251 2938 a
262 2881 338 2938 bono
351 2886 434 2958 patre
453 2899 513 2937 non
532 2881 619 2938 scribi
638 2882 774 2938 heredem
793 2882 851 2938 nisi
871 2881 981 2937 malum

93 2979 264 3056 principem

154 3074 272 3133 XLIV.
314 3073 411 3130 Natus
437 3078 501 3129 erat
521 3072 659 3148 Agricola
683 3073 757 3130 Gaio
782 3073 902 3130 Caesare
925 3075 982 3127 ter·
1031 3131 1033 3135 ,

94 3172 172 3228 tium
186 3170 304 3227 consule
324 3169 427 3225 Idibus
447 3167 561 3239 Iuniis3
583 3170 705 3225 excessit
725 3173 828 3245 quarto
848 3173 878 3223 et
898 3167 982 3241 quin·

95 3267 263 3344 quagesimo
276 3284 360 3336 anno,
376 3265 486 3322 decimo
500 3265 651 3322 Kalendas
664 3266 846 3342 Septembres
867 3264 982 3340 Collega

96 3361 255 3439 Prisccque
268 3360 441 3421 consulibus.
484 3360 568 3429 Quod
589 3359 614 3416 si
633 3359 764 3418 habitum
786 3379 900 3436 quoque
920 3359 982 3416 cius

79 3458 150 3650 ff
