2206 3682
78 132 123 253 a(
358 173 562 233 conr'rrrr
584 172 733 236 raclrr

88 317 155 359 vrrr.
177 318 218 359 11.
260 318 319 359 nn.
343 302 490 362 'it-an.
514 303 560 363 78.
600 301 748 377 Singulos·
765 310 823 361 tuot
837 302 873 377 os
885 301 951 378 ,4φὲ

129 388 199 444 cola
248 387 344 445 Heia
366 389 524 462 appointed
543 389 581 463 by
607 387 768 464 terpaton
785 388 956 465 yona-nord

127 475 296 549 Aquitania,
321 476 348 532 is
368 475 489 532 recolled
506 484 535 532 to
555 475 643 533 Rana
665 484 696 533 tu
715 476 748 535 ts
763 477 845 535 nunde
863 475 951 545 minti,

127 562 192 617 aad
216 581 255 618 oo
282 562 326 618 elo
353 563 516 635 celaration
541 561 579 635 of
597 562 644 619 leis
674 562 829 635 mundata,
854 563 952 621 imao

127 667 265 722 qocmor
278 647 316 721 of
321 647 448 705 Britain

148 783 243 842 VIII.
275 783 413 839 Praeerat
425 789 497 839 tunc
510 781 682 840 Britanniae
694 782 821 841 Vettius
837 784 952 852 Bolanus

88 880 230 955 placidius
243 900 330 956 quam
344 881 430 936 feroci
443 881 593 955 provincia
602 880 725 955 dignum
735 887 787 938 est
822 880 953 956 tempera

88 976 134 1030 vit
159 975 297 1050 Agricola
320 975 381 1030 vim
407 994 498 1043 suam,
520 975 709 1049 ardoremque
731 976 906 1060 compescuit,
924 992 953 1030 ue

88 1070 266 1142 incresceret,
280 1071 391 1146 peritus
404 1071 524 1147 obsequi
541 1052 942 1147 ειίιάἰὴιιεῳιθᾚιῢίᾘῖἶιῐιο
957 1048 968 1125 l

87 1168 213 1225 miscere.
256 1167 344 1222 Brevi
358 1167 462 1222 deinde
476 1166 631 1223 Britannia
642 1167 822 1225 consularem
832 1168 953 1225 Petilium

89 1261 230 1317 Cerialem
253 1263 369 1335 accepit
418 1261 596 1318 Habuerunt
621 1263 750 1319 virtutes
770 1264 895 1339 spatium
914 1280 954 1343 ἓξ·

88 1358 255 1432 emplorum.
298 1359 355 1414 Sed
375 1358 468 1433 primo
491 1357 613 1414 Cerialis
633 1357 747 1415 labores
767 1360 854 1416 modo
870 1357 954 1439 etdigr

88 1452 217 1536 crimina,
239 1473 308 1508 mox
328 1459 359 1509 et
378 1453 498 1528 gloriam
519 1453 771 1526 communicabat3
790 1472 875 1529 saepe
890 1430 954 1528 iffi

88 1524 232 1605 edei-citus
244 1550 275 1606 in
290 1551 528 1624 experimentum,
543 1549 697 1625 aliquando
711 1551 870 1607 maioribus
881 1549 956 1625 copiis

88 1664 125 1700 ex
145 1653 252 1702 eventu
272 1648 415 1720 praefecit
458 1647 521 1703 Nec
534 1647 673 1722 Agricola
685 1666 827 1723 umquam
839 1647 872 1703 in
888 1662 956 1703 suam

87 1743 194 1798 sarnam
216 1745 306 1818 gestis
327 1744 504 1814 exsultarit5
529 1744 567 1799 ad
588 1749 736 1800 auctorem
760 1763 793 1801 ac
817 1744 916 1801 ducem
929 1750 959 1798 ut

87 1838 220 1893 minister
244 1839 391 1895 fortunam
417 1839 568 1897 referebat.
620 1838 670 1894 Ita
694 1839 807 1897 tirtute
834 1840 867 1897 in
892 1841 959 1897 obse·

87 1934 209 2006 quondo,
225 1935 397 1990 verecundia
411 1935 442 1990 in
457 1935 647 2010 praedicando
661 1941 745 1991 extra
763 1936 905 1993 invidiam
916 1953 960 1992 nec

69 2034 170 2089 ¹entra
183 2029 303 2104 gloriam
318 2036 389 2086 erat.

146 2125 204 2183 IX.
251 2125 458 2182 Revertentem
487 2129 524 2184 ab
553 2127 698 2203 legatione
730 2129 854 2205 legionis
887 2130 964 2187 divus
997 2184 1000 2203 ,

87 2216 282 2292 Vespasianus
311 2219 388 2275 inter
433 2221 549 2281 atricios
575 2223 687 2290 ascivit,
713 2241 747 2279 ac
773 2222 880 2282 deinde
905 2244 982 2301 pro·-

86 2311 197 2369 uinciae
226 2240 604 2391 Aquitaniappraeposmi,
620 2304 801 2393 *splendidae
827 2294 1000 2397 imprimis‘i

86 2407 236 2481 dignitatis
256 2409 503 2468 administratione
523 2431 556 2468 ac
577 2431 627 2488 spe
648 2414 822 2485 consulatus,
842 2418 891 2473 cni
910 2417 968 2474 des-

86 2492 211 2569 tinarati
245 2504 375 2562 Credunt
402 2507 532 2583 plerique
555 2511 732 2566 militaribus
755 2512 884 2587 ingeniis
906 2513 969 2571 sub·

86 2598 225 2655 tilitatem
247 2601 351 2672 deesse,
375 2603 444 2677 quia
466 2605 618 2661 cestrensis
640 2606 801 2662 iurisdictio
821 2626 923 2664 secura
942 2614 971 2683 et

86 2693 216 2751 obtusior
239 2715 272 2752 ac
295 2697 380 2772 plura
402 2718 491 2756 manu
513 2719 600 2775 agens
621 2701 811 2758 calliditatem
831 2703 890 2759 fori
912 2684 991 2760 nori¹

86 2797 227 2846 exerceat.
240 2794 260 2841 λ’
269 2793 408 2868 Agricola
421 2796 548 2852 naturali
567 2797 730 2870 prudentia,
746 2800 881 2873 quamvis
895 2801 972 2858 inter

85 2892 205 2961 togatos,
230 2889 312 2945 facile
339 2891 471 2967 iusteque
497 2894 608 2968 agebat.
651 2893 718 2950 Iam
744 2914 814 2953 vero
839 2902 973 2973 tempora

86 3077 193 3134 iudicia
209 3085 365 3152 poscerent,
380 3082 484 3154 gravis,
503 3082 643 3154 intentus,
664 3104 789 3157 severus,
809 3094 838 3143 et
857 3089 974 3166 saepius

87 3172 245 3230 misericors
255 3195 264 3247 3
284 3175 337 3232 ubi
352 3177 443 3233 officio
464 3178 650 3252 satisfactum,
676 3182 759 3239 nulla
778 3183 857 3240 ultra
878 3193 974 3260 potes·

87 3266 157 3322 tatis
170 3287 298 3342 persona.
340 3271 501 3330 Tristitiam
516 3282 546 3331 et
558 3277 754 3350 arrogantiam
768 3285 798 3335 et
815 3282 973 3343 avaritiam

88 3370 233 3459 senerata
250 3386 302 3423 nec
322 3367 374 3440 illi,
401 3370 479 3446 quod
497 3376 542 3427 est
561 3372 749 3446 rarissimum,
773 3381 826 3433 aut
845 3377 989 3439 facilitas·

927 3600 951 3642 X
