2206 3682
346 186 563 246 GERMANIA
591 188 766 253 VL-XV.
982 195 1002 253 5

80 350 85 355 -
114 313 280 370 universum
310 316 477 372 aestimanti
507 317 572 392 plus
603 337 691 394 penes
722 320 851 396 peditem
882 325 1000 397 roboris,

114 428 199 486 eoque
216 411 298 467 misti
313 413 501 486 proeliantur,
521 420 590 489 apta
610 421 640 471 01
658 419 890 499 congruentead
904 439 1003 496 eques-

49 518 55 525 ·
112 511 183 592 trem
204 526 334 582 pugnam
358 508 511 566 velocitate
534 511 672 584 peditum,
695 532 767 588 quos
786 533 825 570 ex
851 517 931 573 omni
958 518 1002 574 iu·

49 672 53 681 ,
110 608 233 659 ventute
260 602 385 659 delectos
411 610 480 660 ante
511 606 603 662 aciem
633 606 738 667 locant.
795 610 946 668 Definitur
972 619 1003 671 et

108 717 268 772 numerus,
289 701 405 756 centeni
418 719 456 757 ex
469 703 592 776 singulis
612 705 693 779 pagis
713 711 790 773 sunt,
804 707 892 782 idque
906 710 1002 784 ipsum

49 798 52 835 ἓ
106 799 186 855 inter
201 817 269 854 suos
287 803 436 868 vocantur,
457 803 488 854 et
506 800 583 874 quod
602 802 696 875 primo
710 822 848 860 numerus
861 805 926 875 fuit,
943 807 1001 862 iarn

49 902 54 913 '
104 914 215 952 nomen
237 902 267 953 et
290 897 384 953 honor
405 901 456 953 est
499 897 588 954 Acies
608 917 660 972 per
681 917 786 956 cuneos
808 904 998 976 componitur.

105 991 218 1048 Cedere
244 991 315 1063 loco,
344 991 500 1049 dummodo
524 1011 623 1048 rursus
650 993 748 1065 instes,
773 996 885 1051 consilii
913 1017 1002 1071 quam

104 1087 272 1144 formidinis
302 1086 495 1168 arbitrantur.
551 1087 679 1162 Corpora
705 1107 824 1145 suorum
852 1092 942 1146 etiam
968 1093 1002 1148 in

104 1185 205 1266 dubiis
232 1185 349 1259 proeliis
374 1185 513 1243 referunt.
567 1184 689 1242 Scotum
717 1186 867 1262 reliquisse
894 1190 1002 1263 praeci

49 1354 58 1361 -
102 1300 199 1368 puum
223 1282 375 1356 flagitium,
398 1301 452 1339 nec
476 1288 532 1338 aut
550 1284 637 1348 sacris
656 1283 754 1339 adesse
776 1291 828 1341 aut
846 1287 1001 1349 concilium

103 1377 183 1437 inire
205 1379 397 1455 ignominioso
417 1378 469 1449 fas,
495 1379 639 1454 multique
663 1381 833 1456 superstites
856 1382 1000 1440 bellorum

101 1458 258 1531 Inlamiam
271 1475 376 1550 laqueo
389 1473 537 1554 finierunt.

166 1571 243 1631 VII.
286 1572 382 1648 Reges
403 1593 440 1629 ex
462 1572 624 1644 nobilitate,
645 1574 734 1630 duces
758 1594 796 1630 ex
817 1576 930 1631 virtute
954 1595 999 1632 su-

103 1674 200 1726 munt
256 1667 321 1726 Nec
344 1669 461 1743 regibus
482 1668 600 1724 infinita
621 1674 673 1724 aut
695 1669 787 1736 libera
809 1678 944 1744 potestas,
968 1679 1000 1728 01

49 1756 54 1761 ’
103 1756 193 1821 duces
217 1763 351 1839 exemplo
372 1764 471 1838 potius
494 1783 582 1838 quam
607 1764 738 1839 imperio,
764 1767 787 1820 si
812 1767 947 1840 prompti,
973 1767 996 1824 si

103 1858 261 1936 conspicui,
277 1862 302 1918 si
316 1866 385 1917 ante
406 1862 498 1918 aciem
518 1867 615 1936 agant,
638 1861 831 1917 admiratione
849 1869 995 1937 praesunt.

83 1958 245 2015 'Ceterum
264 1977 359 2033 neque
379 1957 613 2014 animadvertere
633 1977 727 2032 neque
747 1959 866 2028 vincire,
882 1977 920 2014 ne
934 1977 997 2014 ver-

49 2080 56 2089 ·
103 2053 206 2110 101010
220 2052 339 2128 quidem
355 2053 414 2110 nisi
434 2054 631 2110 sacerdotibus
645 2053 824 2127 permissum,
840 2073 899 2110 non
914 2056 997 2129 quasi

76 2140 80 2149 ’
102 2149 135 2205 in
155 2167 280 2224 poenam
300 2167 354 2205 nec
374 2149 455 2205 ducrs
475 2149 564 2220 iussu,
587 2149 637 2204 sed
657 2149 740 2205 velut
755 2150 808 2205 deo
823 2150 994 2224 imperante,

102 2264 189 2322 quem
205 2246 303 2302 adesse
317 2245 496 2327 bellantibus
516 2247 639 2302 credunt
649 2265 658 2316 ;
678 2245 842 2320 effigiesque
863 2253 893 2303 et
913 2247 996 2322 signa

102 2343 246 2423 quaedam
260 2327 391 2399 detracta
404 2343 478 2399 lucis
492 2329 523 2399 in
537 2342 680 2418 proelium
700 2343 808 2402 ferunt.
853 2342 996 2420 Quodque

54 2477 57 2481 -
102 2429 290 2517 praecipuum
308 2440 488 2497 fortitudinis
507 2440 731 2497 incitamentum
751 2446 803 2511 est,
823 2459 883 2496 non
904 2459 993 2512 casus,

101 2557 197 2613 neque
213 2537 335 2592 fortuita
351 2535 537 2612 conglobatio
557 2542 685 2592 turmam
703 2544 755 2593 aut
775 2556 900 2592 cuneum
915 2537 993 2607 facit,

101 2633 151 2690 sed
164 2633 294 2689 familiae
307 2639 337 2689 et
350 2632 582 2707 propinquitates
593 2653 601 2704 3
624 2640 653 2689 et
668 2634 698 2688 111
715 2633 845 2707 proximo
861 2634 990 2717 pignora,

49 2800 52 2805 Ι
100 2730 178 2787 unde
210 2729 386 2786 feminarum
413 2728 543 2784 ululatus
567 2728 671 2798 01101111,
695 2729 773 2784 unde
797 2728 915 2802 vagitus
951 2728 994 2782 in-

54 2874 57 2879 .
99 2829 235 2885 fantium.
279 2827 324 2883 Hi
350 2827 455 2902 cuique
481 2825 656 2882 sanctissimi
682 2832 779 2896 testes,
808 2827 840 2882 hi
870 2824 993 2880 maximi

97 2925 273 2983 laudatores
316 2923 368 2980 Ad
388 2929 503 2992 matres,
526 2923 563 2978 ad
583 2923 718 2997 coniuges
732 2923 855 2978 vulnera
871 2921 991 2989 ferunt;

96 3042 151 3079 nec
165 3021 236 3078 illae
249 3039 402 3077 numerare
415 2998 468 3075 dut
483 3020 598 3094 exigere
612 3019 711 3094 plagas
724 3023 840 3094 pavent,
856 3016 992 3090 cibosque

95 3131 126 3178 et
140 3118 311 3175 hortamina
325 3117 524 3192 pugnantibus
538 3121 661 3190 gestant.

98 3212 101 3217 ’
157 3212 254 3270 VIII.
297 3212 458 3270 Memoriae
470 3211 605 3287 proditur
618 3211 758 3286 quasdam
774 3208 849 3264 acies
870 3207 991 3263 inclina-

93 3317 142 3369 tas
168 3311 230 3366 iam
256 3315 287 3367 et
314 3309 446 3366 labantes
473 3327 491 3364 a
518 3308 633 3364 feminis
655 3308 805 3362 restitutas
828 3306 991 3362 constantia

93 3423 219 3483 precum
245 3411 276 3462 et
303 3404 419 3460 obiectu
445 3408 595 3479 pectorum
622 3409 653 3460 et
677 3407 837 3460 monstrata
858 3401 990 3458 cominus
