2206 3682
80 166 120 223 24
339 163 543 225 CORNELII
566 165 711 227 sacrm

79 297 177 355 nobile
195 297 368 356 Marobodui
388 306 418 357 et
439 299 532 357 Tudri
550 319 648 376 genua
691 300 758 358 Iam
779 305 810 358 et
833 309 956 361 externos

80 395 235 469 patiuntur
239 412 250 467 ;
270 393 320 451 sed
340 395 386 451 vis
401 400 432 452 et
449 397 582 471 potentia
598 397 717 472 regibus
735 415 775 454 ex
793 401 957 457 auctoritate

81 490 220 548 Romana
267 489 347 547 Raro
373 490 461 548 armis
487 492 604 564 nostris,
632 493 747 568 saepius
773 496 899 570 pecunia
923 497 959 553 iu·

80 592 196 656 vantur,
209 604 263 642 nec
276 585 374 642 minus
387 587 494 646 valent.

140 678 264 738 XLIII.
305 679 398 738 Retro
411 681 562 759 Marsigni,
579 681 713 758 (sotiani,
727 684 786 759 Osi,
802 686 879 744 Buri
890 693 962 764 terga

81 778 335 836 Marcomanorum
362 779 588 855 Quadorumque
617 781 767 840 claudunt.
810 783 838 840 Ε
868 786 962 861 quibus

82 873 226 950 Marsigni
246 879 276 934 et
297 873 371 932 Buri
388 893 519 933 sermone
536 876 675 952 cultuque
693 877 806 936 Suevos
821 880 962 952 referunt;

83 969 227 1028 Gothinos
240 970 359 1041 Gallica,
375 970 448 1028 Osos
462 970 630 1030 Pannonica
645 959 748 1049 lingua
763 976 898 1051 coarguit
913 995 962 1032 non

82 1088 142 1126 esse
167 1067 335 1138 Germanos,
358 1075 389 1126 ct
415 1061 493 1144 quod
516 1069 628 1127 tributa
653 1072 816 1146 patiuntur.
854 1072 964 1130 Partem

83 1167 260 1223 tributorum
300 1166 458 1237 Sarmatae,
486 1172 600 1242 partem
623 1165 721 1234 Quadi
744 1173 780 1224 ut
801 1168 964 1245 alienigenis

81 1262 246 1336 imponunt.
298 1261 429 1333 Gothini‚
460 1279 519 1337 quo
546 1260 638 1335 magis
662 1263 778 1336 pudeat,
805 1269 838 1320 et
864 1263 963 1321 ferrum

83 1356 231 1426 effodiunt,
262 1373 419 1430 omnesque
448 1354 481 1411 hi
509 1354 610 1431 populi
637 1375 729 1431 pauca
755 1359 962 1434 campestrium,

83 1458 212 1508 ceterum
229 1450 321 1508 saltus
338 1456 369 1508 et
386 1452 508 1508 vertices
526 1452 671 1509 montium
684 1453 848 1530 iugumque
864 1454 964 1512 insede

83 1555 161 1608 runt.
205 1538 328 1607 Dirimit
349 1549 427 1606 enim
450 1549 614 1626 scinditque
637 1549 777 1607 sueviam
800 1551 964 1609 continuum

83 1645 226 1702 montium
244 1646 353 1720 iugum,
378 1645 458 1701 ultra
478 1645 555 1721 quod
579 1645 722 1721 plurimae
743 1653 846 1722 gentes
873 1653 962 1724 agunt

84 1741 132 1798 Ex
151 1742 257 1818 quibus
276 1740 417 1798 latissime
435 1747 517 1816 patet
535 1741 686 1816 Mgicrum
706 1760 815 1800 nomen
830 1743 864 1801 in
877 1744 965 1820 plnres

67 1824 69 1828 ’
84 1837 217 1895 civitates
230 1837 374 1894 diffusum
424 1835 650 1893 Valentissimss
662 1837 828 1895 nominasse
842 1839 964 1907 sufficiet,

85 1936 203 2004 Herios,
248 1935 439 2006 Helveconas,
480 1934 633 2006 Menimos,
672 1934 787 2006 Elisios,
819 1936 965 1994 Nahanar·

84 2031 172 2090 vados.
211 2030 303 2107 Apud
323 2028 543 2086 Nahanarvalos
566 2029 705 2106 antiquae
725 2030 874 2106 religionis
892 2031 965 2088 luem

85 2127 257 2184 ostenditur·
314 2125 465 2182 Praesidet
499 2126 630 2183 sacerdos
669 2126 807 2183 muliebri
848 2134 964 2198 ornatu3

85 2223 135 2279 sed
162 2224 229 2280 deos
255 2222 497 2299 interpretatione
526 2221 660 2279 Romana
694 2221 846 2279 Castorem
878 2223 966 2280 Pollu·

85 2337 204 2395 cemque
236 2325 413 2391 memorantj
444 2338 478 2375 aa
514 2317 559 2375 ris
587 2317 711 2388 numini,
742 2336 851 2374 nomen
882 2319 964 2375 Alcis

85 2415 178 2472 Nulla
210 2416 372 2488 simulacra,
407 2415 523 2472 nullum
555 2414 723 2491 peregrinae
758 2414 966 2490 superstitionis

85 2512 242 2587 vestigium
248 2532 257 2584 3
276 2518 312 2569 ut
334 2513 439 2569 fratres
462 2518 569 2582 tamen,
591 2516 626 2568 ut
646 2511 766 2567 iuvenes
785 2519 964 2569 venerantur.

87 2608 225 2665 Ceterum
245 2609 333 2665 Harii
352 2627 438 2685 super
456 2610 540 2680 vires,
560 2608 665 2684 quibus
684 2613 871 2665 enumeratos
888 2606 966 2684 paulo

86 2710 154 2760 ante
176 2705 296 2780 populos
319 2705 502 2774 antecedunt,
525 2711 621 2760 truces
648 2703 752 2759 insitae
773 2703 889 2761 feritati
910 2707 966 2760 arto

86 2821 119 2858 ac
133 2808 262 2878 tempore
275 2802 484 2861 lenocinantur.
518 2800 612 2877 Nigra
628 2808 717 2872 scuta,
728 2802 824 2859 tincta
838 2820 964 2879 corpora3

85 2909 164 2957 atras
190 2899 228 2956 ad
256 2899 366 2976 proelia
396 2906 495 2957 noctes
526 2898 636 2975 legunt,
666 2899 787 2975 ipsaque
817 2900 966 2957 formidine
1008 2924 1010 2929 ·

85 3003 175 3072 atque
188 2997 292 3053 umbra
304 2996 401 3053 feralis
419 2996 562 3054 exercitus
578 3002 717 3052 terrerem
734 2997 876 3069 inferunt,
893 2995 962 3055 null<

85 3095 214 3153 hostlum
224 3096 386 3152 sustinente
396 3115 505 3152 novum
515 3113 548 3151 ac
558 3095 640 3152 velut
650 3095 798 3152 infernum
809 3103 964 3172 aspectum

86 3212 155 3250 nam
168 3194 301 3269 primiin
314 3194 449 3251 omnibus
462 3192 578 3268 proeliis
593 3193 669 3249 oculi
682 3193 851 3252 vincuntur.
883 3194 965 3250 'Iram
1008 3190 1010 3295 i

86 3286 185 3364 Ligios
199 3289 348 3348 Gethones
361 3296 528 3365 regnantur,
544 3289 630 3364 paulo
646 3289 705 3346 iam
718 3290 873 3349 adductius
886 3308 963 3366 quam
1008 3304 1010 3311 ·

77 3394 193 3447 ceterae
224 3389 445 3448 Germanorum
472 3392 585 3464 gentes,
610 3387 745 3442 nondum
763 3393 869 3442 umen
889 3404 967 3458 supra
1007 3372 1010 3435 i
