2206 3682
270 148 489 238 'coarcere
520 177 797 238 xxix-xxiv.
944 175 976 236 ιτ
1072 196 1074 205 s

90 317 131 368 nt
143 309 295 368 silentium
305 310 369 368 eius
382 328 442 366 nen
451 310 569 366 timeres
579 328 588 380 3
602 309 751 366 honestius
763 307 886 385 putabat
896 308 982 365 offen·

92 411 164 468 dere
177 429 266 485 quam
280 409 380 468 odisse.
501 465 503 470 ,

156 504 287 564 XXIII.
328 505 441 574 Quarta
466 509 561 560 aestas
587 501 760 571 obtinendis,
784 519 859 577 qnae
884 518 982 576 percu·

91 606 235 668 currerat,
249 600 405 675 insumpta,
421 619 462 666 ac,
473 599 497 655 si
510 599 606 655 virtue
618 599 798 655 exercituum
812 602 843 654 et
855 596 982 653 Romani
1007 650 1009 655 ,

92 697 223 762 nominis
243 696 335 772 gloria
357 700 514 771 pateretur,
537 693 675 751 inventus
696 693 728 750 in
745 694 809 769 ipsa
827 693 982 750 Britannia

92 791 250 851 terminus.
291 789 427 865 Namque
450 788 534 846 Clota
550 793 580 845 et
602 787 747 860 Bodotria,
768 789 876 845 diversi
893 787 982 845 maris

93 886 226 943 aestibus
252 903 305 960 per
327 883 499 943 immensum
523 888 661 954 retectae,
688 889 811 958 angusto
837 889 982 939 terrarum

83 981 191 1083 tspatie
214 981 400 1050 dirimuntur,
423 979 501 1054 quod
522 989 586 1036 tum
613 962 763 1053 praesidiis
790 978 980 1049 firmabatur;

92 1076 185 1156 'atque
205 1077 299 1136 omnis
318 1077 435 1154 propior
455 1077 536 1134 sinus
553 1078 715 1148 tenebatur,
730 1075 881 1133 summotis
898 1076 982 1132 velut

92 1176 127 1234 in
139 1177 230 1234 aliam
243 1176 369 1233 insulam
382 1175 521 1234 hostibus.

154 1273 280 1330 XXIV.
322 1271 433 1341 Quinte
455 1271 673 1347 expeditionum
693 1290 769 1328 anne
790 1289 866 1327 nave
887 1269 981 1346 prima

92 1376 289 1446 transgressus
302 1369 417 1445 ignotas
436 1368 474 1425 ad
486 1367 523 1445 id,
529 1374 644 1444 tempus
660 1374 761 1443 gentes
774 1367 881 1424 crebris
894 1365 981 1422 simul

92 1485 126 1523 ac
136 1465 281 1542 prosperis
290 1463 406 1540 proeliis
414 1462 535 1535 domuit,
547 1481 668 1538 eamque
678 1469 790 1540 partem
802 1462 979 1534 Britanniae,

91 1581 169 1639 quae
183 1560 360 1618 Hiberniam
367 1558 478 1635 aspicit,
488 1560 576 1636 copiis
589 1560 738 1630 instruxit,
751 1560 783 1615 in
796 1578 875 1634 spem
889 1560 981 1635 magis
1017 1581 1020 1588 ·

91 1676 184 1734 quam
197 1657 235 1714 ob
251 1655 444 1728 formidinem,
459 1656 485 1713 si
502 1657 619 1732 quidem
638 1655 783 1713 Hibernia
796 1655 890 1712 medio
903 1656 982 1712 inter

93 1752 281 1810 Britanniam
301 1751 389 1828 atque
411 1752 586 1827 Hispaniam
607 1752 664 1808 sita
684 1755 715 1808 et
737 1750 847 1808 Gallico
865 1769 980 1826 queque

92 1849 170 1906 mari
184 1854 347 1925 opportuna
359 1848 587 1905 valentissimam
602 1848 716 1924 imperii
736 1852 848 1924 partem
868 1848 980 1921 magnis

91 1944 221 2002 invicem
234 1946 335 2001 usibus
348 1944 503 2003 miscuerit.
540 1944 673 2020 Spatium
687 1945 756 2015 eius,
772 1945 796 2000 si
809 1943 980 2002 Britanniae

90 2044 285 2116 comparetur,
311 2040 470 2115 angustius,
493 2041 588 2096 uestri
609 2041 697 2096 maris
720 2039 830 2096 insulas
853 2044 976 2113 superat

92 2136 195 2194 Solum
210 2136 378 2210 coelumque
391 2140 422 2192 et
436 2136 553 2210 ingenia
570 2135 723 2210 cultusque
737 2135 887 2191 hominum
900 2134 979 2191 haud

90 2231 222 2288 multum
235 2251 252 2287 a
263 2229 417 2289 Britannia
426 2232 567 2288 differunt
572 2252 582 2304 3
597 2233 701 2288 melius
714 2232 811 2289 aditus
821 2238 979 2308 portusque

90 2347 145 2404 per
157 2327 331 2386 commercia
352 2335 382 2384 et
401 2329 595 2404 negotiatores
615 2328 730 2402 cogniti
772 2327 911 2404 Agricola
931 2347 979 2384 ex-

90 2423 211 2501 pulsum
234 2423 374 2480 seditione
396 2422 552 2481 domestica
572 2442 665 2479 unum
689 2443 727 2480 ex
749 2424 856 2499 regulis
882 2423 978 2499 gentis

91 2523 255 2595 exceperat,
270 2538 304 2575 ac
317 2518 410 2594 speeie
422 2519 569 2575 amicitiae
582 2519 614 2574 in
634 2519 809 2575 occasionem
822 2518 977 2574 retinebat.

89 2615 185 2691 Saepe
208 2633 247 2671 ex
268 2633 302 2671 eo
325 2614 426 2670 audivi
447 2613 559 2688 legione
583 2632 641 2669 una
664 2619 695 2670 et
715 2613 835 2669 modicis
859 2613 977 2669 auxiliis

87 2709 230 2768 debellari
255 2709 439 2786 obtinerique
465 2709 640 2765 Hiberniam
666 2730 755 2785 posse,
777 2711 865 2786 idque
889 2711 977 2767 etiam

86 2807 230 2866 adversus
251 2805 435 2863 Britanniam
459 2807 653 2882 profuturum,
671 2808 695 2863 si
714 2807 847 2863 Romana
868 2806 976 2881 ubique

87 2922 180 2974 arma,
194 2907 225 2958 et
237 2900 320 2958 velut
334 2921 350 2958 e
363 2907 518 2978 conspeetu
531 2901 650 2959 libertas
664 2903 821 2960 tolleretur.
836 2951 842 2973 .,

86 3062 285 3106 xxa—mx
329 3062 390 3103 an.
408 3047 556 3104 itt-an.
574 3049 620 3104 84.
656 3049 792 3123 Αρνίσοία
805 3046 976 3104 undertakes

124 3133 354 3207 aacoepcditica
378 3134 413 3207 by
429 3154 477 3191 sea
495 3136 645 3192 andland
664 3145 691 3192 to
709 3136 754 3193 tlte
772 3134 858 3192 acrtlr
875 3132 913 3207 of
931 3133 975 3190 rte

124 3221 279 3292 Boeotia,
293 3221 356 3277 aad
367 3221 394 3277 a'e
406 3229 462 3277 rect
476 3221 512 3296 by
526 3242 545 3279 a
561 3222 771 3295 confideretion
787 3220 824 3293 of
835 3220 879 3277 tte
895 3218 974 3278 Cele-

122 3306 240 3367 doniam
253 3306 337 3363 bibas
349 3307 411 3364 arbe
425 3308 506 3366 make
519 3329 539 3367 a
551 3309 664 3368 radda
677 3309 739 3367 aad
748 3307 873 3384 sarteas
887 3305 987 3363 attede

120 3413 162 3453 on
173 3392 220 3450 aa
232 3393 280 3452 aa
292 3393 392 3470 affra,
407 3396 461 3458 bat
473 3416 526 3462 aste
544 3399 716 3480 adtinetely
733 3395 880 3476 defeated.
921 3391 1009 3546 {aaa

146 3501 214 3546 aa,
