2206 3682
335 39 597 137 didam

112 167 147 224 16
369 160 572 233 caruncli
596 165 742 226 riom

110 313 162 370 Iro
176 295 352 378 necessitate
362 300 431 375 opat
468 295 534 352 Iam
548 314 617 352 vero
630 296 795 372 principum
809 296 885 352 filios
899 295 1024 371 libera·

72 392 201 453 libus.
207 392 320 448 artibus
340 392 463 463 erudire,
484 399 514 449 et
531 391 649 467 ingenia
667 392 880 448 Britannorum
897 393 1019 466 studiis
1012 354 1054 497 ‘ff

4 426 84 602 'ull
111 488 263 546 Gallorum
284 487 435 593 antejsse,
451 495 494 560 ut,
515 489 567 563 qui
585 488 671 544 modo
688 488 819 563 linguam
836 475 1005 546 Romanam
1017 462 1036 525 ¹

23 683 25 688 ’
63 679 228 789 ΙΗῖιαὶὴιιιε
255 680 351 832 nostri
370 660 471 755 honor
495 685 525 736 et
546 680 682 756 frequens
703 685 779 755 toga,
801 662 1054 758 paulatimquell

46 762 267 872 'HQ
281 777 318 847 ad
327 737 690 847 delenimentavitiorum,
709 777 884 872 Queat
920 696 1054 857 niuali

111 881 141 933 et
168 875 369 933 conviviorum
396 859 589 951 elegantiam
624 876 712 953 idque
744 877 821 952 apud
851 876 1007 967 imperitos

5 960 25 1055 ᾗ
34 960 55 1023 :···‘'¹
95 988 101 1001 ¹
110 971 277 1061 humanitas
290 973 458 1046 vocabatur,
474 992 565 1049 quum
578 993 645 1049 pars
659 973 810 1030 servitutis
823 980 907 1031 esset.
987 994 1019 1095 J

111 1153 310 1198 rina-mv.
348 1153 412 1197 an.
429 1138 582 1197 ild—an.
600 1138 645 1196 82.
681 1136 821 1214 Apricolo
835 1138 947 1214 paelice
959 1140 1008 1200 aa

152 1243 297 1308 conquesta
310 1254 343 1291 os
336 1233 413 1308 for
432 1235 519 1291 aortb
532 1255 566 1292 os
583 1235 627 1292 aa
649 1234 771 1293 Tonante
789 1236 853 1293 aad
869 1237 970 1295 drawa
986 1258 1008 1294 o

151 1331 214 1389 liae
232 1331 363 1406 efforts
376 1331 461 1406 from
484 1332 598 1392 tbeOlrr
572 1333 630 1390 loo
646 1341 674 1391 to
699 1334 743 1392 tlte
763 1333 913 1392 Bodotria.
958 1336 1008 1394 Hc

151 1447 254 1484 crocea
268 1427 312 1485 aa
325 1424 408 1486 Clota
421 1428 484 1486 aad
490 1438 557 1503 post
557 1448 571 1485 s
583 1448 657 1486 some
670 1437 764 1504 troops
777 1449 815 1486 oa
829 1429 873 1486 tlte
885 1439 1010 1489 western

152 1532 228 1581 cocat
242 1523 366 1598 opposite
379 1521 507 1582 Ireload.
550 1524 734 1599 Descriptioa
747 1524 785 1598 of
791 1523 924 1584 Irelood.

171 1659 280 1719 XXII.
324 1661 441 1719 Tertius
455 1663 677 1739 expeditionum
691 1682 785 1720 annus
798 1680 888 1719 novas
902 1670 1010 1739 gentes

113 1757 236 1832 aperuit,
256 1758 377 1814 vastatis
395 1777 488 1834 usque
508 1758 545 1815 ad
565 1758 694 1816 Tanaum
718 1759 875 1835 (aestuario
896 1779 1009 1818 nomen

113 1852 169 1929 est)
189 1853 364 1911 nationibus.
408 1855 475 1924 Qua
494 1856 649 1912 formidine
669 1855 765 1912 territi
785 1854 882 1911 hostes
904 1875 1011 1932 quam-

112 1969 202 2025 quam
233 1950 430 2007 conflictatum
463 1951 556 2007 saevis
587 1950 808 2026 tempestatibus
842 1951 1011 2009 exercitum

112 2046 248 2104 lacessere
264 2066 324 2103 non
343 2047 426 2119 ausi;
448 2047 647 2123 ponendisque
665 2046 785 2121 insuper
803 2045 931 2103 castellis
945 2066 1011 2124 spa-

113 2144 190 2199 tium
203 2144 269 2201 fuit.
304 2143 499 2200 Annotabant
512 2143 600 2217 periti
612 2161 673 2204 non
683 2140 774 2198 alium
785 2141 888 2198 ducem
903 2161 1011 2219 oppor-

112 2239 256 2295 tunitates
269 2238 397 2295 locorum
410 2238 570 2313 sapientius
580 2237 688 2312 legisse.
725 2235 851 2292 Nullum
864 2235 903 2292 ab
918 2237 1012 2313 Agri-

91 2335 177 2394 ⁴cola
201 2336 329 2410 positum
351 2335 502 2392 castellum
524 2340 576 2391 aut
597 2333 628 2390 vi
650 2333 778 2390 hostium
803 2341 1010 2409 expugnatum

114 2436 168 2487 aut
188 2433 321 2507 pactione
345 2451 377 2488 ac
399 2432 467 2506 fuga
493 2432 638 2488 desertum
648 2451 657 2503 3
679 2431 796 2486 crebrae
818 2431 1010 2505 eruptiones3

112 2546 182 2583 nam
209 2528 347 2584 adversus
374 2547 468 2584 moras
491 2528 648 2584 obsidionis
668 2526 775 2583 annuis
797 2527 886 2602 copiis
912 2528 1012 2586 firma-

113 2625 228 2680 bantur.
292 2623 342 2679 Ita
368 2623 513 2698 intrepida
539 2623 582 2680 ibi
608 2623 708 2694 hiems,
736 2627 766 2679 et
796 2622 852 2679 sibi
878 2623 1011 2700 quisque

112 2722 264 2803 praesidia
290 2721 380 2778 irritis
407 2721 539 2778 hostibus
565 2740 656 2796 eoque
682 2719 910 2795 desperantibus,
937 2723 1011 2797 quia

113 2816 193 2874 soliti
220 2817 391 2892 plerumque
417 2815 524 2871 damna
550 2816 669 2872 aestatis
697 2813 827 2870 hibernis
851 2816 1011 2873 eventibus

114 2933 234 2989 pensare
256 2919 322 2969 tum
343 2918 453 2969 aestate
475 2919 564 2987 atque
587 2911 682 2967 hieme
701 2910 787 2967 iuxta
810 2910 1011 2986 pellebantur.

114 3008 178 3065 Neo
187 3008 327 3084 Agricola
337 3026 477 3082 umquam
491 3026 544 3082 per
554 3007 625 3063 alios
634 3012 715 3081 gesta
724 3006 827 3062 avidus
834 3005 996 3082 intercepit
1001 3028 1010 3080 3
1026 3045 1029 3049 ·

116 3121 168 3158 seu
190 3103 322 3159 centurio
343 3121 393 3157 seu
413 3103 583 3176 praefectus,
598 3102 802 3176 incorruptum
818 3101 887 3157 facti
902 3107 1008 3159 testem

115 3183 248 3256 habebat
290 3198 382 3273 Apud
401 3198 540 3273 quosdam
559 3196 688 3254 acerbior
709 3197 741 3251 in
760 3194 897 3253 conviciis
911 3215 1009 3254 narra·

116 3296 219 3370 batur,-
240 3302 275 3353 ut
296 3302 360 3352 erat
380 3294 468 3351 comis
488 3294 579 3362 bonis,
600 3294 643 3351 ita
663 3293 801 3350 adversus
821 3292 914 3350 malos
933 3292 1009 3349 iniu-

99 3392 226 3453 cundus.
253 3391 446 3452 Ueterumex
455 3388 1006 3464 iracundianibilsupereuatseeretum.
