2206 3682
242 175 441 237 Aculeone
470 177 631 256 XXXHI.
659 178 814 240 XXXIV.
929 181 968 239 25
1043 203 1046 209 ⁴

81 310 117 363 et
142 306 343 363 metuentium.
387 305 466 375 Quos
487 299 565 382 q'uod
586 305 704 364 tandem
725 307 885 380 invenistis,
909 328 969 366 non

81 401 266 473 restiterunt,
292 403 342 460 sed
364 403 535 479 deprehensi
561 410 645 473 sunt;
672 405 844 461 novissimae
869 425 916 462 rea
938 411 970 464 et

81 502 217 554 extremo
235 503 316 555 metu
334 517 452 574 corpora
473 499 598 556 defixere
616 500 706 556 aciem
719 500 752 556 in
764 500 811 557 his
828 500 967 576 vestigiis,

79 594 116 649 in
129 593 237 668 quibus
252 593 402 668 pulchram
421 599 451 652 et
466 594 651 671 spectabilem
667 595 819 652 victoriam
835 592 965 655 ederetis.

80 692 251 768 Transigite
264 710 330 767 cum
342 691 583 766 expeditionibus,
601 692 740 767 imponite
756 692 968 768 quinquaginta

78 787 170 845 anrris
182 805 320 862 magnum
337 786 422 856 diem,
439 786 596 861 approbate
611 785 800 861 reipublicae
818 806 967 863 nunquam

78 881 228 939 exercitui
240 881 379 957 imputari
392 881 519 957 potuisse
533 885 584 936 aut
597 899 692 938 moras
705 881 776 938 belli
788 887 840 939 aut
854 901 967 939 caussas

76 977 252 1036 rebellandi

77 1118 321 1160 mu—xxxrn
353 1101 409 1159 rte
422 1101 651 1176 crdcrofbcttlc.
680 1101 833 1178 Desperare
847 1121 966 1178 couroye

120 1188 162 1263 of
167 1189 211 1246 tlte
223 1189 349 1248 Britorrs.
390 1188 476 1245 Their
489 1189 617 1262 weplede
630 1187 728 1261 defeat.
770 1188 841 1247 Losa
853 1209 891 1248 oa
903 1190 966 1248 bort

120 1277 204 1336 aas.
241 1275 365 1334 Pemble
377 1294 469 1333 coerces
482 1294 519 1332 oa
534 1275 577 1332 tlte
591 1274 754 1351 bctdcficld.
791 1276 966 1352 Ecpeditioa

120 1362 161 1437 of
177 1363 221 1421 aa
241 1361 356 1420 Roaiam
368 1360 448 1434 fleat.
487 1360 620 1434 Aprrbolo
641 1370 757 1419 returns
779 1355 963 1422 southwards.

119 1449 213 1524 Effert
224 1469 263 1507 oa
271 1448 423 1506 Domitian
433 1447 517 1522 oftltc
530 1468 606 1505 ueros
614 1446 810 1523 ‹rprrdcolo’s
823 1470 963 1508 successes.

141 1561 280 1620 XXXV.
323 1560 363 1619 Et
382 1561 546 1636 alloquente
565 1561 660 1618 adhuc
679 1560 816 1636 Agricola
836 1563 965 1620 militum

77 1661 170 1720 ardor
193 1659 345 1729 eminebat,
374 1663 404 1714 et
430 1656 518 1713 finem
544 1658 682 1714 orationis
708 1660 809 1733 ingens
832 1659 966 1716 alacritas

78 1763 236 1823 consecuta
263 1761 314 1826 est,
342 1756 498 1830 statimque
527 1755 565 1812 ad
593 1775 674 1812 arma
705 1756 872 1812 discursum
915 1756 965 1813 In-

78 1857 205 1914 stinctos
222 1860 395 1928 ruentesque
412 1852 455 1908 ite
471 1851 618 1927 disposuit,
639 1857 675 1908 ut
695 1853 825 1928 peditum
845 1853 963 1924 auxilia,

79 1972 159 2029 quae
184 1956 248 2009 octo
273 1951 387 2008 milium
414 1956 503 2022 erant,
531 1952 657 2008 mediam
685 1953 776 2010 aciem
805 1953 963 2025 firmarent,

80 2049 216 2123 equitum
233 2048 291 2103 tria
307 2046 389 2104 milia
406 2047 540 2104 cornibus
557 2047 782 2105 effunderentur.
825 2048 966 2124 Legiones

79 2163 136 2222 pro
154 2143 231 2200 vallo
246 2147 360 2215 stetere,
380 2143 481 2218 ingens
500 2142 638 2200 victoriae
658 2143 745 2200 decus
765 2145 839 2202 citra
859 2145 966 2202 Roma·

80 2260 156 2298 num
176 2239 344 2315 sangmnem
363 2238 500 2308 bellandi,
520 2245 551 2296 et
570 2239 721 2310 arixilium,
740 2240 765 2297 si
780 2241 963 2316 pellerentur.
979 2280 981 2285 ·

81 2340 294 2398 Britannorum
320 2338 394 2394 acies
422 2336 456 2393 in
486 2336 610 2411 speciem
643 2335 729 2393 simul
760 2355 794 2394 ao
824 2342 965 2396 terrorem

80 2433 254 2492 editioribus
279 2433 349 2490 locis
376 2433 546 2490 constiterat
571 2431 621 2501 ita,
647 2436 682 2488 ut
708 2432 835 2506 primum
861 2451 965 2507 agmen

79 2549 182 2606 aequo,
203 2529 291 2586 ceteri
309 2549 362 2606 per
379 2529 484 2586 acclive
504 2529 606 2602 iugum
626 2529 750 2584 connexi
769 2527 852 2584 velut
871 2529 965 2584 insur-

79 2631 199 2704 gerent3
225 2625 320 2682 media
346 2623 439 2699 campi
465 2622 649 2680 covinnarius
675 2641 762 2698 eques
788 2622 911 2698 strepitu
931 2642 966 2679 ao

79 2722 213 2781 discursu
227 2720 394 2795 complebat
430 2719 506 2776 Tum
518 2718 657 2794 Agricola
669 2724 824 2793 superante
837 2717 965 2774 hostium

80 2817 274 2877 multitudine
298 2815 416 2888 veritus,
444 2833 482 2871 ne
508 2814 541 2870 in
562 2813 689 2870 frontem
712 2811 799 2869 simul
822 2818 853 2868 et
873 2810 966 2868 latera

80 2933 203 2976 suorum
228 2916 414 2989 pugnaretur,
443 2910 568 2967 diductis
597 2909 754 2979 ordinibus,
789 2927 966 2984 quamquam

81 3012 241 3090 porrectior
263 3010 339 3068 acies
361 3010 460 3067 futura
481 3013 550 3078 erat,
579 3014 610 3065 et
635 3007 815 3064 arcessendas
836 3005 966 3082 plerique

81 3108 210 3184 legiones
233 3105 434 3176 admonebant,
457 3105 618 3180 promptior
642 3104 676 3160 in
701 3122 782 3178 spem
808 3109 839 3159 et
864 3103 967 3159 firmus

82 3205 211 3264 adversis
224 3203 341 3260 dimisso
355 3219 428 3277 equo
441 3201 527 3276 pedes
540 3206 608 3257 ante
621 3200 729 3256 vexilla
742 3199 880 3256 constitit.

143 3297 300 3358 XXXVI.
332 3297 379 3354 Ac
391 3296 485 3372 primo
498 3314 650 3370 congressu
664 3294 777 3351 eminus
790 3294 965 3358 certabatur,

82 3398 229 3477 simulque
252 3395 416 3461 constantia
438 3393 525 3451 simul
552 3403 613 3451 arte
641 3392 778 3450 Britanni
801 3392 968 3468 ingentibus
