2212 3682
285 169 490 232 roricone
517 169 785 231 xxa-xxm
941 125 976 230 1i

95 274 292 379 ploratoribus
311 301 430 360 edoctus
449 305 480 358 et
499 299 630 375 vestigiis
655 298 810 372 insecutus,
838 299 979 362 velocissi-

95 417 158 456 mos
172 399 304 475 equitum
317 396 507 474 peditumque
520 397 661 455 assultare
678 397 768 472 torgis
776 396 978 474 «pugnantium

93 492 185 565 iubet,
200 511 269 550 mox
282 493 319 549 ab
332 491 476 549 universis
488 492 574 549 adiici
587 491 758 564 elamorsm3
773 498 804 550 et
816 492 979 568 propinqua

94 588 159 647 luce
176 588 281 645 fulsere
295 587 384 662 signa.
426 586 476 645 Ita
489 587 609 663 ancipiti
622 586 698 645 malo
712 587 809 646 territi
821 586 976 659 Britanni3

94 692 125 744 et
152 684 293 742 Romanis
315 683 403 741 rediit
428 684 551 756 animus,
573 701 607 740 ae
629 684 722 743 securi
747 703 800 760 pro
822 683 915 745 salute
942 685 978 754 de

93 784 188 860 gloria
206 784 363 841 certabant
393 781 498 842 Ultro
521 781 592 858 quin
615 783 848 858 etiam-erupere,
870 788 901 840 et
918 781 978 840 fuit

93 887 181 936 atrox
194 879 226 934 in
238 878 309 954 ipsis
321 883 472 954 portarum
484 878 626 952 angustiis
640 877 789 952 proelium,
801 877 890 934 donec
899 878 978 953 pulsi

93 975 198 1046 hostes,
213 980 337 1051 utroque
351 975 481 1032 exercitu
499 981 637 1046 certante,
651 973 705 1046 his,
720 981 755 1031 ut
769 975 870 1032 trilisse
884 994 975 1050 opem,

92 1074 161 1144 illis,
177 1092 215 1130 ne
228 1073 339 1148 eguisse
352 1072 462 1131 auxilio
476 1071 651 1130 viderentur.
691 1069 776 1139 Quod
788 1070 845 1127 nisi
858 1071 980 1146 paludes

93 1174 123 1225 et
147 1168 239 1225 silvae
256 1167 399 1243 fugientes
419 1167 570 1239 texissent,
594 1165 770 1224 debellatum
789 1165 841 1223 illa
856 1167 977 1224 victoria

92 1266 175 1323 foret.
976 1275 979 1281 ’

153 1362 295 1420 XXVII
338 1362 430 1421 (iuius
450 1361 625 1419 conscientia
648 1379 681 1418 ac
700 1361 778 1418 fama
796 1361 878 1418 ferox
897 1379 977 1418 exer-

93 1461 168 1517 eitus
181 1460 256 1516 nihil
269 1461 375 1517 virtuti
388 1478 456 1517 suae
474 1458 596 1527 invium,
619 1464 650 1515 et
670 1458 876 1534 penetrandam
898 1457 983 1516 Cale·

93 1557 211 1613 doniam
224 1554 489 1631 inveniendumque
503 1555 622 1613 tandem
635 1554 805 1612 Britanniae
818 1555 977 1625 terminum

92 1653 232 1709 continuo
244 1651 420 1729 proeliorum
432 1670 518 1709 cursu
531 1651 711 1724 fremebant3
730 1658 818 1727 atque
833 1651 879 1708 illi
891 1650 977 1708 medo

93 1748 172 1805 cauti
185 1767 219 1806 ae
232 1749 375 1823 sapientes
384 1748 511 1824 prompti
523 1753 590 1824 post
603 1753 740 1808 eventum
753 1768 786 1805 ae
799 1747 978 1823 magniloqui

94 1850 186 1901 erant
228 1844 418 1920 Iniquissima
431 1843 502 1901 haec
514 1844 657 1902 bellorum
670 1844 800 1901 condicio
818 1849 861 1900 est
871 1863 879 1914 3
901 1861 983 1918 prosa
1034 1908 1036 1913 .

93 1958 163 2014 pera
186 1958 285 1997 omnes
305 1940 361 1998 sibi
380 1941 539 2011 vindicant,
561 1941 680 1998 adversa
706 1941 759 1998 uni
785 1940 974 2015 imputantur.

94 2035 140 2092 At
161 2034 307 2106 Britanni,
322 2055 382 2093 non
398 2036 515 2108 virtute
530 2036 580 2095 sed
599 2035 744 2094 occasione
765 2042 795 2093 et
813 2041 876 2097 arte
896 2035 977 2091 ducis

93 2131 189 2188 elusos
209 2130 275 2202 rati,
300 2130 376 2189 nihil
395 2151 433 2189 ex
452 2132 618 2206 arrogantia
644 2132 801 2202 remittere,
822 2131 976 2207 quominus

93 2229 279 2287 iuventutem
292 2234 446 2299 armarent,
461 2227 596 2303 coniuges
609 2245 642 2284 ac
659 2227 764 2285 liberos
778 2227 810 2284 in
827 2227 890 2284 loca
907 2234 974 2284 tuta

93 2323 293 2393 transferrent,
308 2325 436 2381 coetibus
449 2342 481 2380 ac
497 2323 642 2380 sacrifieiis
655 2323 896 2398 conspirationem
909 2323 978 2380 civi·

93 2425 191 2477 tatum
211 2421 363 2479 sancirent
405 2422 507 2496 Atque
520 2421 563 2477 ita
576 2419 699 2477 irritatis
712 2421 860 2496 utrimque
872 2420 977 2476 animis

93 2515 257 2574 discessum
1096 2589 1097 2592 Ἴ

154 2611 315 2670 XXVIII.
357 2612 466 2670 Eadem
489 2617 597 2671 aestate
619 2613 718 2669 cohors
739 2611 909 2688 Usipiorum
927 2629 981 2686 per.

95 2707 270 2765 Germanias
297 2708 458 2783 conscripta
484 2712 514 2765 et
540 2709 572 2764 in
595 2707 780 2765 Britanniam
810 2707 979 2763 transmissa

94 2824 236 2880 magnum
248 2823 281 2863 ac
300 2805 483 2863 memorabile
496 2805 608 2863 facinus
625 2823 695 2863 ausa
707 2808 758 2860 est.
802 2789 901 2859 Occiso
915 2819 979 2857 cen-

94 2902 214 2960 turione
234 2921 268 2959 ae
288 2901 439 2973 militibus,
463 2901 517 2977 qui
542 2900 580 2957 ad
605 2899 776 2959 tradendam
799 2895 979 2971 disciplinam

94 2998 219 3055 immisti
241 2997 398 3073 manipulis
416 2984 581 3072 exemplum
595 3003 625 3057 et
643 3001 767 3053 rectores
787 2993 978 3062 habebantur,

96 3106 156 3153 tres
182 3095 341 3152 liburnicas
366 3093 475 3150 admtis
501 3112 554 3168 per
579 3092 640 3148 vim
670 3089 911 3167 gubernatoribus
937 3104 979 3143 as·

95 3191 237 3264 cendere3
259 3195 292 3250 et
314 3208 373 3247 uno
396 3189 564 3264 remigante,
589 3186 729 3263 suspectis
753 3184 864 3242 duobus
890 3199 981 3258 eoque

96 3286 266 3359 interiectis,
294 3285 424 3343 nondum
450 3285 570 3361 vulgato
602 3302 721 3344 rumore
751 3288 790 3341 ut
813 3279 999 3339 miraculum

89 3381 344 3456 metebantur.
381 3379 458 3440 Mox
467 3382 505 3441 ad
521 3403 634 3463 aquam
643 3389 741 3463 atque
753 3379 851 3442 utilia
859 3375 1021 3452 sapien&e

863 3471 957 3533 (λαὶ
