2212 3682
84 185 122 244 ae
351 179 557 242 coaunmr
580 176 727 240 rnorrr
790 136 794 143 ’

83 333 117 372 ac
138 312 193 370 ooli
215 311 346 370 omnium
367 309 511 378 uncinum,
534 308 614 385 quod
636 307 695 384 ipei
718 306 833 384 glesum
860 313 969 379 vocant,

84 411 163 467 inter
182 409 259 466 vada
280 413 369 483 atque
390 407 423 463 in
445 407 509 482 ipso
532 405 632 462 littore
654 404 765 479 legunt.
807 403 877 462 Nec
903 423 971 480 quae

84 513 199 577 natura,
221 522 333 580 quaeve
354 503 431 560 ratio
451 500 561 578 gignat,
583 506 620 557 ut
640 499 781 572 barber-ie,
807 501 972 576 quaesitum

84 605 301 676 compertumve
308 617 317 671 ;
330 598 382 656 diu
392 598 466 674 quin
479 597 568 654 etiam
581 597 662 653 inter
674 601 770 654 cetera
783 595 974 654 eiectamenta

85 698 175 754 maria
200 695 320 765 iacebat,
348 695 440 751 donec
464 693 585 750 luxuria
613 700 716 751 nostra
745 694 829 751 dedit
862 714 972 752 nomen

87 793 164 870 Ipsis
184 793 217 849 in
237 791 321 849 nullo
341 810 398 848 neu
403 811 413 864 3
433 791 507 848 rude
530 790 648 866 legitur,
672 790 797 848 informe
819 791 974 865 perfertur,

86 890 271 966 pretiumque
290 887 432 944 mirantes
451 887 608 963 accipiunt.
649 888 759 946 Sucum
778 895 884 946 tamen
900 891 976 947 arbo

87 1006 155 1044 rum
168 1006 229 1044 ease
244 985 399 1061 intelliges,
415 985 487 1060 quia
499 990 617 1042 terrena
629 985 772 1062 quaedam
784 991 878 1062 atque
892 988 976 1045 etiam

86 1083 218 1141 volucria
244 1079 382 1139 amimalia
407 1080 579 1158 plerumque
606 1082 792 1156 interlucent,
820 1103 901 1160 quae
929 1084 977 1140 im·

87 1180 195 1255 plicata
217 1178 339 1235 humore
361 1194 432 1234 mox
458 1177 630 1235 durescente
654 1179 780 1240 materia
806 1179 976 1236 cluduntur.

88 1276 270 1333 Fecundiora
299 1275 392 1352 igitur
421 1294 542 1332 nemora
574 1275 718 1352 lucosque,
749 1276 829 1333 sicut
859 1276 977 1333 orientia

88 1375 213 1441 secretis,
236 1373 289 1430 ubi
312 1378 380 1430 tura
402 1372 587 1448 balsamaque
611 1373 726 1440 audant,
750 1373 795 1430 ita
820 1371 977 1430 occidentia
1016 1398 1018 1407 ·

89 1472 193 1528 insulis
214 1471 358 1546 terrisque
380 1468 475 1527 inesse
498 1471 678 1543 crediderim,
701 1489 778 1546 qnae
799 1469 894 1528 vicini
914 1469 977 1526 solia
1016 1516 1018 1525 .

89 1570 178 1626 radiis
200 1586 334 1644 expressa
359 1572 448 1643 atque
475 1568 620 1644 liquentia
645 1569 678 1625 in
703 1567 877 1644 proximum
902 1583 977 1624 maro
1016 1564 1018 1589 ²

90 1667 237 1735 labuntur,
262 1684 296 1722 ac
313 1664 345 1721 vi
367 1669 576 1741 tempestatum
595 1664 628 1722 in
647 1665 768 1722 adversa
786 1663 878 1720 litora
892 1681 976 1720 exun

90 1764 170 1820 dant
201 1762 233 1819 Si
246 1768 382 1819 naturam
396 1762 489 1819 sucini
500 1763 618 1820 admoto
628 1763 695 1838 igne
702 1767 807 1831 tentes,
817 1760 852 1817 in
862 1759 976 1817 modum

90 1861 193 1917 taedae
228 1860 402 1928 accenditur,
441 1859 552 1934 alitque
588 1859 736 1917 flammam
772 1857 916 1934 pinguem
949 1860 976 1912 et

91 1957 234 2027 olentem;
254 1974 324 2010 mox
340 1959 375 2010 ut
390 1955 422 2010 in
439 1955 534 2029 picem
550 1957 713 2011 resinamve
729 1953 875 2011 lentescit.
919 1949 976 2008 Sui·

91 2054 196 2110 onibus
215 2052 352 2109 Sitonum
370 2057 470 2127 gentes
493 2053 710 2110 continuantur.
746 2049 852 2108 Cetera
875 2049 976 2107 similes

92 2168 152 2206 uno
175 2149 322 2221 differunt,
348 2149 427 2225 quod
450 2148 560 2206 femina
581 2149 756 2206 dominatur.
799 2145 841 2203 In
864 2151 976 2202 tantum

92 2265 152 2302 non
175 2246 260 2302 modo
281 2265 300 2301 a
322 2244 467 2314 libertate,
486 2245 643 2303 sedetiam
661 2243 842 2302 enervitate
864 2236 976 2316 degene

92 2345 171 2397 rant.
211 2339 273 2397 Hic
287 2339 410 2396 Sueviae
424 2340 497 2398 finis.

94 2541 173 2583 xnvr.
218 2522 316 2580 Triton
338 2520 376 2595 of
391 2520 524 2597 doubtful
546 2521 722 2596 notionoldu
744 2520 831 2578 about
855 2519 900 2577 tte
926 2517 978 2576 Vt·

133 2610 205 2669 fado.
249 2609 307 2666 ulte
336 2608 469 2676 Peucini,
503 2608 606 2682 Veneti,
635 2607 738 2667 Furni.
780 2606 895 2681 Sooope
924 2602 979 2662 aad

134 2695 281 2755 miaeroble
294 2695 346 2769 life
360 2695 398 2768 of
405 2695 449 2752 tlte
462 2693 567 2752 Ferant.
607 2694 755 2753 Fabuloca
768 2693 861 2751 tribea.

154 2824 272 2883 XLVI.
309 2824 506 2882 Peucinorum
520 2824 759 2898 Venetorumque
773 2826 804 2878 et
816 2820 980 2878 Fennorum

95 2924 228 2981 nationes
265 2919 419 2978 Germanis
448 2938 487 2975 an
521 2918 664 2975 Sarmatia
693 2917 844 2988 accubem,
873 2916 980 2985 dubito,

96 3037 274 3098 quamquam
295 3015 425 3086 Peucini,
449 3033 521 3092 quos
545 3014 665 3090 quidam
688 3013 849 3072 Bastarnae
869 3016 981 3081 vocant,

96 3135 235 3189 sermone,
255 3113 346 3185 cultu,
371 3111 438 3170 aede
456 3130 489 3168 ac
506 3111 660 3169 domiciliis
677 3116 713 3168 ut
728 3110 870 3182 Germani
886 3114 982 3186 agunt

97 3213 201 3272 Sordes
214 3211 354 3283 omnium,
369 3229 402 3267 an
418 3215 518 3287 torpor
533 3228 700 3286 procerum3
722 3207 877 3266 connubiis
894 3207 1000 3266 mietia'

88 3310 231 3374 nonnihil
244 3311 280 3371 in
293 3308 496 3370 Sarmatarum
505 3306 643 3364 tabitam
652 3306 815 3365 foedantur.

148 3415 271 3478 Veneti
285 3411 424 3476 multum
441 3426 484 3468 ex
495 3404 632 3465 moritus
645 3406 822 3470 tineaene,
833 3418 911 3456 nam
923 3403 995 3474 que
