2206 3682
7 152 19 183 ⁵
79 175 116 230 aa
306 167 539 231 corrant
564 165 705 228 rior-rr
738 200 740 207 ν
1001 40 1008 209 l

79 301 187 379 posteri
220 318 336 358 noscere
369 301 469 371 velint,
504 299 658 356 decentior
686 317 774 374 quam
810 300 961 358 sublimior

80 399 136 456 fuit
147 417 156 472 3
184 397 260 454 nihil
285 402 380 454 metus
406 397 438 454 in
455 395 569 469 ¹vultu3
598 395 693 471 gratia
719 395 776 452 oris
803 405 959 472 supererat.

81 493 196 552 Bonum
212 483 311 551 virum
332 495 416 552 facile
433 495 568 566 crederes,
589 504 728 570 magnum
748 494 882 554 libenter.
924 496 963 553 Et

80 591 141 668 ipse
166 592 291 668 quidem,
325 611 500 668 quamquam
529 591 624 647 medio
655 590 687 647 in
713 592 807 666 spatio
833 591 963 668 integrae

81 691 185 747 aetatis
216 695 339 766 ereptus,
370 694 514 764 quantum
542 687 580 744 ad
609 688 738 763 gloriam,
763 689 963 764 longissimum

81 805 186 844 aevum
198 786 329 862 peregit;
350 784 457 860 quippe
469 789 500 840 et
514 798 580 842 vera
598 785 681 856 bona,
701 803 775 860 quae
794 786 828 841 in
848 785 965 841 virtuti·

83 883 137 939 bus
150 881 206 938 sita
219 887 295 951 sunt,
315 880 494 956 impleverat,
515 884 547 936 et
566 879 709 935 consulari
729 899 762 936 ac
781 879 964 955 triumphali·

82 978 138 1033 bus
161 977 336 1034 ornamentis
357 975 487 1052 praedito
510 975 581 1050 quid
601 974 681 1031 aliud
700 979 828 1030 astruere
849 975 966 1032 fortuna

84 1073 216 1149 poteratl
256 1072 369 1148 Opibus
383 1071 481 1128 nimiis
494 1087 554 1126 non
566 1069 717 1145 gaudebat,
738 1070 883 1144 speciosae
902 1091 966 1128 con·

84 1169 217 1244 tigerant.
260 1167 336 1226 Filia
356 1173 444 1242 atque
465 1185 558 1223 uxore
582 1165 785 1241 superstitibus
806 1171 905 1242 potest
926 1167 968 1223 vi·

84 1263 147 1320 deri
169 1264 257 1321 etiam
278 1263 380 1320 beatus
401 1261 540 1319 incolumi
564 1260 712 1335 (lignitate,
736 1260 858 1318 florente
880 1262 963 1335 fama

85 1358 173 1418 salvis
189 1359 378 1416 affinitatibus
396 1363 427 1415 et
445 1357 580 1414 amicitiis
592 1356 693 1414 futura
706 1357 844 1431 effugisse.
888 1357 965 1415 Nam

86 1455 172 1512 'sicuti
186 1453 290 1511 durare
302 1454 336 1510 in
348 1455 423 1510 hano
434 1453 594 1510 beatissimi
612 1452 703 1510 seculi
721 1453 815 1509 lucem
835 1471 870 1509 ac
890 1453 967 1529 prin-

37 1532 40 1544 ’
86 1551 180 1626 cipem
205 1549 362 1606 Traianum
386 1549 485 1606 ridere
510 1549 657 1624 quondam
687 1549 809 1624 augurio
835 1550 967 1626 votisque

87 1648 164 1722 apud
184 1653 296 1704 nostras
316 1665 399 1704 aures
418 1646 609 1716 minabatur,
628 1645 671 1702 ita
691 1645 844 1702 festinatae
867 1647 967 1703 mortis

87 1743 194 1819 grande
217 1742 351 1800 solatium
372 1742 443 1799 tulit
463 1743 585 1799 evasisse
603 1745 781 1818 postremum
802 1742 877 1800 illud
897 1747 968 1800 tem·

88 1857 149 1914 pus,
164 1856 222 1914 quo
236 1837 421 1893 Domitianus
434 1855 493 1893 non
506 1836 564 1892 iam
584 1855 636 1912 per
654 1837 809 1894 intervalla
828 1857 862 1894 ac
882 1837 968 1913 spira·

87 1940 186 1991 menta
198 1939 369 2008 temporum,
385 1932 435 1989 sed
448 1932 586 1990 continuo
602 1939 633 1989 et
646 1933 727 1989 velut
746 1951 806 1989 uno
825 1932 888 1989 ictu
908 1951 968 1990 rem

87 2031 232 2107 publicam
245 2029 386 2088 exhausit.

147 2128 244 2188 XLV.
285 2127 356 2184 Non
378 2126 454 2183 vidit
476 2124 615 2201 Agricola
637 2126 780 2183 obsessam
807 2128 919 2185 curiam
942 2134 970 2184 et

88 2225 218 2281 clausum
236 2224 324 2281 armis
344 2227 484 2292 senatum,
507 2226 537 2278 et
558 2221 657 2280 eadem
684 2227 778 2298 strage
804 2227 851 2280 tot
868 2242 971 2280 eonsu-

88 2320 194 2376 larium
211 2320 318 2386 caedes,
336 2324 382 2376 tot
398 2319 641 2376 nobilissimarum
654 2319 827 2376 feminarum
840 2321 930 2378 exilia
942 2326 971 2378 et

89 2413 178 2489 fugas.
219 2414 291 2472 Una
303 2413 397 2470 adhuc
409 2413 530 2471 victoria
551 2413 642 2472 (larus
662 2415 773 2472 Metius
793 2417 970 2490 censebatur,

89 2517 120 2567 et
132 2511 210 2566 intra
224 2511 369 2567 Albanam
382 2528 476 2566 arcem
489 2512 634 2568 sententia
647 2511 797 2568 Messalini
816 2515 970 2590 strepebat,

89 2612 120 2663 et
134 2606 232 2662 Massa
245 2606 369 2664 Baebius
382 2612 447 2663 tum
460 2627 525 2664 reus
538 2614 608 2668 erat.
651 2608 725 2665 Mox
737 2617 853 2668 nostrae
864 2611 973 2670 duxere

2 2755 4 2757 ,
90 2702 262 2760 Helvidium
276 2703 308 2758 in
321 2722 462 2760 carcerem
475 2722 584 2776 manus,
599 2723 651 2761 nos
665 2704 791 2763 Maurici
800 2705 973 2784 Rusticique

90 2798 177 2868 visus,
192 2815 245 2853 nos
257 2797 403 2853 innocenti
422 2798 561 2872 sanguine
579 2797 697 2856 Senecio
716 2800 851 2874 perfudit.
894 2802 973 2860 Nero

90 2897 189 2949 tamen
214 2892 360 2948 subtraxit
386 2893 483 2948 oculos
510 2911 584 2963 suos,
609 2894 750 2971 iussitque
777 2897 892 2970 scelera,
916 2919 974 2956 non

91 2970 235 3062 spectavit
242 3007 251 3060 3
272 2987 425 3063 praecipua
444 2988 498 3044 sub
518 2988 688 3046 Domitiano
707 2992 889 3052 miseriarum
908 3013 974 3072 pars

91 3088 154 3140 erat
179 3083 278 3140 videre
304 3088 334 3139 et
360 3081 456 3157 aspici,
482 3101 573 3156 quum
591 3085 714 3160 suspiria
733 3095 833 3145 nostra
854 3092 975 3149 subscri·

91 3179 235 3253 berentur,
260 3197 352 3254 quum
372 3176 543 3234 denotandis
568 3184 615 3235 tot
640 3180 790 3240 hominum
815 3184 974 3260 palloribus

91 3275 234 3333 sufficeret
259 3293 361 3332 saevus
381 3273 432 3332 ille
455 3273 556 3332 urltus
579 3280 610 3332 et
628 3277 724 3354 rubor,
746 3297 804 3357 quo
824 3300 855 3340 se
874 3290 975 3342 eontra

91 3371 230 3447 pudorem
243 3371 399 3430 muniebat
