2206 3682
314 178 516 243 scalocla
548 185 578 244 X
582 182 773 246 n-xLVI.
949 188 987 246 29

164 309 230 369 XL.
273 310 371 388 Igitur
398 315 588 392 triumphalia
613 319 783 373 ornamenta
809 321 839 372 et
865 315 988 374 illustris

95 412 219 464 statuae
244 407 390 482 honorem,
418 416 449 467 et
474 411 612 487 quicquid
638 430 690 487 pro
716 411 866 487 triumpho
890 412 986 484 datur,

97 503 200 560 multo
220 504 374 561 verborum
393 504 501 562 honore
521 506 676 579 cumulata,
698 506 814 565 decerni
832 507 864 564 in
882 513 987 565 senatu

96 597 195 666 iubet,
212 599 338 676 addique
357 600 476 678 insuper
495 602 659 677 opinionem
675 601 789 677 Syriam
809 603 985 678 provinciam

98 691 260 769 Agricolae
286 695 432 768 destinari,
457 716 579 755 vacuam
601 704 666 755 tum
688 705 782 757 morte
804 699 896 756 Atilii
917 699 987 756 Rufi

97 791 263 848 consularis
280 797 311 849 et
328 793 485 850 maioribus
504 799 687 851 reservatam.
730 793 883 852 Credidere
903 794 997 869 pleri

97 905 161 960 que
181 886 319 945 libertum
342 907 380 945 ex
400 889 601 946 secretioribus
621 889 790 946 ministeriis
810 891 929 946 missum
949 890 988 947 ad

97 981 271 1056 Agricolam
290 972 441 1055 codicillos,
458 983 564 1060 quibus
580 984 608 1041 ei
624 983 708 1058 Syria
726 984 857 1052 dabatur,
874 984 985 1056 tulisse,

96 1094 171 1133 cum
184 1084 343 1155 praecepto,
357 1085 400 1149 ut,
418 1081 442 1136 si
458 1079 491 1137 in
507 1079 662 1136 Britannia
682 1080 764 1153 soret,
785 1080 971 1136 traderentur
976 1097 987 1151 3

97 1189 228 1248 eumque
247 1173 384 1231 libertum
405 1175 438 1231 in
460 1174 523 1250 ipso
540 1175 737 1232 fretooceani
760 1175 879 1232 obvium
900 1174 987 1249 Agri-

99 1268 190 1338 colae,
215 1267 253 1324 rie
275 1268 418 1344 appellato
444 1269 562 1345 quidem
589 1289 623 1327 eo
649 1270 687 1328 ad
714 1270 916 1327 Domitianum
943 1289 987 1327 re·

98 1380 219 1429 measse,
244 1363 305 1420 sive
327 1383 429 1421 verum
451 1365 538 1438 istud,
563 1366 624 1425 sive
647 1387 684 1425 ex
706 1368 821 1444 ingenio
845 1367 986 1443 principis

98 1461 201 1518 fictum
220 1480 254 1518 ac
271 1466 461 1538 compositum
480 1470 531 1522 est
573 1465 744 1523 Tradiderat
759 1466 879 1522 interim
895 1467 985 1541 Agri·

98 1557 166 1614 cola
191 1559 344 1614 successori
372 1578 425 1616 suo
454 1559 633 1636 provinciam
662 1562 790 1638 quietam
821 1567 982 1637 tutamque.

99 1655 150 1711 Ae
162 1672 201 1711 ne
213 1655 350 1712 notabilis
363 1656 530 1714 celebritate
545 1662 576 1714 et
590 1658 754 1733 frequentia
772 1657 990 1714 occurrentium

98 1750 240 1807 introitus
254 1757 334 1823 esset,
344 1751 437 1809 vitato
450 1753 609 1810 amicorum
622 1754 714 1810 officio
727 1758 816 1811 noctu
829 1753 861 1809 in
875 1753 983 1822 urbem,

98 1850 191 1902 noctu
203 1846 236 1901 in
248 1837 398 1920 palatium,
415 1847 459 1903 ita
474 1852 509 1903 ut
527 1853 712 1923 praeceptum
732 1851 802 1918 erat,
824 1846 913 1918 venit,
935 1865 984 1903 ex·

96 1946 256 2017 ceptusque
274 1942 356 1998 brevi
378 1942 474 1999 osculo
497 1949 527 2000 et
548 1942 629 2000 nullo
651 1961 782 2000 sermone
803 1942 907 1999 turbae
927 1960 984 1998 ser·

98 2037 245 2094 vientium
257 2039 402 2096 immistus
415 2045 465 2098 est.
509 2039 655 2111 Ceterum,
673 2044 708 2096 ut
724 2038 851 2094 militare
868 2054 983 2104 nomen,

97 2153 188 2210 grave
206 2135 283 2192 inter
301 2137 414 2207 otiosos,
435 2136 500 2193 aliis
519 2137 680 2193 virtutibus
699 2139 883 2210 temperaret,
904 2138 983 2191 tran·

98 2231 277 2306 quillitatem
289 2238 377 2309 atque
393 2232 486 2289 otium
502 2233 619 2307 penitus
633 2232 726 2303 auxit,
745 2231 827 2287 cultu
844 2229 983 2302 modicus,

96 2346 230 2384 sermone
249 2328 348 2400 facilis,
371 2347 430 2385 uno
451 2334 504 2385 aut
527 2327 617 2384 altero
637 2328 796 2384 amicorum
817 2327 980 2395 comitatus,

94 2423 170 2480 adeo
183 2424 229 2480 uti
242 2425 379 2500 plerique,
395 2425 500 2500 quibus
513 2441 632 2498 magnos
641 2423 718 2480 viros
732 2441 783 2498 per
792 2421 982 2478 ambitionem

94 2521 250 2578 aestimare
280 2540 342 2578 mos
372 2527 423 2592 est,
453 2521 515 2577 viso
536 2527 708 2597 aspectoque
734 2519 871 2594 Agricola
897 2536 982 2592 quae·

95 2620 197 2672 rerent
208 2616 323 2683 famam,
336 2617 421 2692 pauci
433 2616 704 2691 interpretarentur.

156 2710 243 2768 XLI.
284 2711 391 2769 Crebro
408 2731 459 2788 per
477 2730 525 2769 eos
543 2712 603 2769 dies
621 2712 698 2788 apud
713 2711 914 2767 Domitianum
934 2709 982 2765 ab·

94 2825 161 2863 sens
181 2811 336 2878 accusatus,
354 2808 456 2864 absens
475 2806 625 2864 absolutus
644 2811 695 2864 est.
751 2806 844 2863 Causa
860 2801 981 2878 periculi

95 2921 155 2958 non
176 2903 285 2959 crimen
308 2902 401 2959 ullum
427 2907 480 2958 aut
503 2902 620 2977 querela
646 2900 716 2957 laesi
734 2901 911 2974 cuiusquam,
930 2899 981 2954 sed

94 2996 225 3054 infensus
243 2997 401 3054 virtutibus
417 2998 550 3073 princeps
576 3002 607 3053 et
633 2997 724 3072 gloria
749 2995 808 3051 viri
834 3012 867 3050 ac
893 2993 980 3067 pessi·

93 3111 175 3150 mum
201 3092 384 3150 inimicorum
406 3111 505 3168 genus,
526 3094 685 3150 ‘laudantes
729 3093 770 3148 Et
793 3109 827 3147 ea
850 3090 980 3145 insecuta

93 3195 164 3246 sunt
175 3190 219 3247 rei
232 3189 363 3264 publicae
383 3196 520 3264 tempora,
542 3208 615 3264 quae
635 3188 714 3244 sileri
733 3185 899 3261 Agricolam
919 3203 978 3240 non

92 3285 222 3343 sinerent
233 3306 242 3359 3
271 3290 316 3342 tot
337 3287 479 3342 exercitus
498 3286 532 3342 in
554 3285 667 3342 Moesia
689 3285 837 3357 Daciaque
858 3286 888 3337 et
910 3279 978 3336 Ger·

92 3381 190 3439 mania
208 3387 241 3438 et
260 3381 411 3438 Pannonia
430 3381 593 3446 temeritate
614 3385 667 3436 aut
686 3399 738 3456 per
755 3377 901 3454 ignaviam
926 3375 979 3433 du»
