2206 3682
115 171 152 226 18
373 175 577 235 CORNELII
602 178 744 240 rnolrl
784 193 785 196 ’

152 323 271 378 proporro
282 304 404 363 however
416 313 444 363 to
453 326 545 365 reaew
558 311 602 366 tto
612 308 731 383 coafliet.
760 309 883 386 Strurrqe
895 313 990 370 adoar-

153 400 230 448 tures
243 389 281 464 of
286 411 306 448 o
325 390 354 448 U
351 392 450 465 eipioa
464 393 564 451 colori.
598 395 735 469 Agricola
748 397 888 456 odouacer
902 419 934 456 us
939 400 991 473 forr

153 496 187 539 ce
207 477 250 534 eleo
267 476 430 553 Granepiare
442 480 616 562 meantoiae,
631 481 721 540 where
737 482 769 541 lte
790 483 816 541 ie
834 494 890 542 met
903 485 938 560 by
951 486 990 544 ro
1030 552 1031 558 ἵ

36 607 39 610 -
153 562 406 639 creaabledforcee
419 563 457 639 of
464 565 508 623 rte
523 564 712 626 Caledoniam
724 570 818 627 aeder
833 569 978 646 (lolqaoae.
1030 599 1031 654 ]

174 685 277 744 XXV.
320 686 455 744 Ceterum
465 693 583 758 aestate,
594 707 653 764 qua
662 696 779 770 sertum
791 691 877 748 officii
887 712 991 749 annum
1030 725 1031 746 t

112 785 276 856 inchoabat,
301 785 451 860 amplexus
473 785 607 842 civitates
627 795 708 843 trans
725 787 896 845 Bodotriam
917 790 990 860 sitas,
1030 863 1031 868 ἵ

113 884 183 959 quia
208 891 305 940 motus
331 883 533 940 universarum
559 883 638 940 ultra
669 883 800 959 gentium
833 892 864 942 et
892 886 991 944 infesta

113 980 227 1038 hostilis
255 980 397 1038 exercitus
424 979 530 1037 itinera
560 980 748 1049 timebantur,
781 988 883 1057 portus
910 983 991 1040 classe
1030 987 1031 1041 3

114 1078 283 1155 exploravit
328 1076 409 1146 Quae
429 1078 466 1134 ab
489 1076 628 1152 Agricola
647 1079 775 1154 primum
795 1086 944 1155 assumpta
964 1081 991 1135 in
1030 1086 1031 1137 Ξ

113 1181 226 1255 partem
239 1173 348 1231 virium
364 1175 538 1249 sequebatur
555 1175 668 1250 egregia
688 1175 789 1251 specie,
807 1197 899 1253 quum
912 1177 992 1236 simul
1030 1205 1031 1225 ι

114 1279 192 1328 terra
208 1270 295 1328 simul
312 1270 387 1326 mari
402 1269 512 1327 bellum
532 1270 736 1346 impelleretur,
751 1291 785 1329 ac
797 1291 882 1349 saepe
896 1273 991 1330 iisdem

115 1365 215 1422 cestris
232 1365 319 1441 pedes
332 1383 475 1440 equesque
489 1370 519 1422 et
532 1367 666 1451 nauticus
679 1367 761 1424 miles
774 1367 854 1425 misti
867 1369 955 1446 copiis
967 1375 993 1425 et

114 1462 227 1521 laetitia
244 1480 296 1518 sua
317 1460 438 1537 quisque
461 1461 544 1529 facta,
566 1481 633 1520 suos
658 1483 739 1521 casus
765 1466 941 1538 attollerent,
963 1485 993 1524 ac

115 1557 200 1614 modo
220 1555 359 1614 silvarum
379 1575 412 1612 ac
431 1557 576 1614 montium
602 1558 751 1632 profunda,
773 1560 858 1619 modo
879 1567 994 1638 temper

115 1662 212 1714 tatum
229 1676 262 1714 ac
279 1656 422 1714 fluctuum
440 1657 568 1728 adversa,
589 1658 658 1715 hinc
676 1664 755 1716 terra
773 1668 803 1717 et
818 1662 918 1733 hostis,
933 1663 994 1719 bine

115 1753 211 1811 victus
232 1771 353 1810 oceanus
366 1753 487 1810 militari
500 1753 639 1811 iactantia
652 1764 895 1830 compararentur.
939 1759 994 1816 Bri·

116 1855 222 1906 tannos
241 1867 365 1925 quoque,
385 1857 420 1906 ut
438 1867 475 1906 ex
493 1849 615 1926 captivis
635 1850 812 1923 audiebatur,
828 1853 892 1910 visa
904 1853 994 1911 classis

117 1945 368 2021 obstupefaciebat‚
396 1951 546 2018 tamquam
572 1953 672 2021 aperto
699 1947 787 2004 maris
816 1949 862 2004 sui
892 1953 995 2006 secreto

116 2044 255 2104 ultimum
268 2041 354 2098 victis
373 2042 537 2117 perfugium
556 2042 744 2100 clauderetur.
785 2043 837 2100 Ad
853 2063 956 2102 manus
968 2051 993 2100 et

26 2211 29 2216 Ι
117 2159 197 2194 arma
223 2137 354 2195 conversi
379 2136 565 2194 Caledoniam
589 2137 746 2194 incolentes
772 2138 873 2213 populi
896 2145 995 2214 paratu

117 2253 230 2309 magno,
244 2235 352 2290 maiore
366 2233 448 2304 fama,
464 2233 510 2289 uti
523 2252 585 2290 mos
598 2239 643 2290 est
655 2233 692 2290 de
704 2233 818 2308 ignotis,
834 2253 995 2311 oppugnare

120 2332 196 2388 ultro
209 2331 359 2388 castellum
378 2331 481 2402 adorti,
497 2338 609 2389 metum
628 2337 663 2388 ut
680 2340 869 2408 provocantes
885 2333 996 2390 addida

117 2432 202 2500 rant,
214 2426 489 2502 regrediendumque
497 2427 570 2483 citra
578 2424 754 2500 Bodotriam,
766 2432 796 2484 et
804 2428 997 2485 excedendum

51 2542 94 2599 (L
117 2523 216 2598 potius
241 2541 329 2597 quam
355 2521 539 2597 pellerentur,
566 2522 665 2597 ignavi
693 2523 786 2598 specie
811 2523 996 2622 Qum

118 2617 319 2688 admonebant,
340 2611 431 2692 quum
450 2615 568 2673 interim
589 2616 734 2692 cognoscit
753 2617 851 2674 hostes
869 2617 996 2693 pluribus

118 2714 281 2789 agminibus
301 2713 472 2788 irrupturos.
515 2714 561 2769 Ac
585 2732 622 2770 ne
643 2719 797 2788 superante
822 2731 946 2772 numero
970 2723 996 2770 et

118 2809 224 2885 peritia
245 2808 373 2864 locorum
399 2808 607 2879 circumiretur,
633 2808 725 2866 diviso
747 2813 777 2865 et
798 2809 860 2884 ipse
883 2811 917 2867 in
942 2815 995 2866 tras

118 2909 215 2981 partes
229 2903 359 2959 exercitu
372 2902 496 2958 incessit.

178 2998 301 3056 XXVI.
338 2998 422 3067 Quod
435 2999 487 3054 nbi
500 2997 649 3074 cognitum
662 2999 748 3070 hosti,
760 3004 873 3056 mutato
884 3006 995 3077 repente

119 3095 237 3152 consilio
257 3095 386 3151 universi
406 3114 512 3151 nonam
534 3095 685 3170 legionem,
704 3101 739 3152 ut
756 3096 885 3155 maxime
900 3097 994 3155 invali-

119 3191 195 3260 dam,
216 3196 301 3247 nocte
320 3189 453 3264 aggressi,
472 3190 548 3247 inter
568 3209 702 3247 somnum
719 3210 752 3247 ac
770 3191 994 3267 trepidationem,

120 3289 208 3344 caesis
233 3286 378 3362 vigilibus,
407 3287 544 3361 irrupere.
595 3286 717 3362 Iamque
744 3289 776 3344 in
799 3287 877 3364 ipsis
903 3297 995 3347 castus

120 3383 313 3460 pugnabatur,
345 3401 435 3458 quum
467 3381 614 3457 Agricola,
643 3383 700 3440 iter
729 3383 927 3459 hostium-,ab
954 3398 993 3440 ex·
