2206 3682
100 174 135 233 14
348 130 552 232 cossam
576 169 719 229 rscrrr

97 300 254 375 tractisque
277 299 423 375 legionum
452 299 568 356 vexillis
599 306 629 356 et
660 299 773 356 modica
804 299 986 358 auxiliorum

97 415 192 466 manu,
215 395 284 471 quia
306 395 339 451 in
357 413 482 470 aequum
501 394 617 469 degredi
637 393 793 451 Ordovices
813 413 873 451 non
896 397 985 453 aude·

96 493 176 562 bant,
193 493 255 567 ipse
272 497 340 548 ante
357 510 468 566 agmen,
488 509 545 566 quo
565 491 666 547 ceteris
686 509 739 566 par
758 491 872 547 animus
893 491 986 548 simili

96 587 223 664 periculo
237 593 318 656 esset,
333 585 427 642 erexit
440 587 538 643 aciem.
585 585 730 661 Caesaque
744 607 831 662 prope
845 588 986 645 universa

96 689 189 758 gente,
204 701 263 738 non
278 683 395 757 ignarus
411 684 580 739 instandum
596 683 697 754 famae,
719 704 759 755 ae,
780 692 867 762 prout
887 687 985 761 prima

96 779 254 848 cessissent,
285 784 425 834 terrorem
454 779 556 834 ceteris
586 778 654 850 fore,
690 761 824 837 Monam·
843 781 982 839 insulam.

96 876 178 932 cuius
191 873 366 950 possessione
380 880 544 931 revocatum
556 875 712 932 Paulinum
722 877 879 935 rebellione
889 881 985 938 totius

97 974 266 1031 Britanniae
287 992 375 1048 supra
395 974 559 1045 memoravi,
588 975 717 1049 redigere
746 975 778 1032 in
806 984 984 1054 potestatem

96 1071 203 1126 animo.
218 1069 353 1126 intendit
396 1068 460 1139 Sed,
489 1075 524 1125 ut
549 1069 580 1125 in
608 1070 704 1126 dubiis
730 1071 865 1141 consiliis,
892 1091 984 1130 naves

96 1167 229 1239 deerant3
255 1166 330 1223 ratio
352 1157 387 1222 ¹ot
414 1165 577 1222 constantia
602 1166 682 1223 ducis
709 1168 879 1226 transvexit.
925 1170 983 1227 De-

96 1261 196 1336 positis
210 1260 342 1317 omnibus
355 1260 473 1316 sarcinis
487 1261 656 1317 lectissimos
666 1261 860 1334 auxiliarium,
874 1265 983 1338 quibus

96 1363 165 1413 nota
182 1357 257 1413 vada
277 1363 308 1414 et
325 1355 436 1431 patrius
453 1355 542 1411 nandi
560 1373 637 1426 usus,
658 1374 717 1430 quo
736 1357 823 1413 simul
844 1377 933 1432 seque
952 1367 983 1416 et

95 1472 175 1510 arma
188 1458 218 1509 et
232 1471 319 1527 equos
332 1458 444 1527 regunt,
459 1452 502 1507 ita
517 1459 636 1527 repente
651 1452 782 1522 immisit,
796 1459 830 1509 ut
846 1454 983 1530 obstupe-

95 1548 164 1607 facti
176 1547 280 1618 hostes,
296 1548 347 1622 qui
360 1547 487 1618 classem,
502 1548 553 1622 qui
567 1565 664 1618 naves,
678 1549 730 1623 qui
744 1567 821 1604 mare
835 1553 983 1624 exspecta·

95 1643 174 1714 bant,
198 1643 275 1727 nihil
298 1642 422 1698 arduum
443 1648 495 1698 aut
515 1644 658 1699 invictum
681 1643 857 1701 crediderint
880 1645 922 1701 sic
944 1647 982 1704 ad

94 1739 204 1796 bellum
216 1739 408 1796 venientibus.
451 1738 500 1794 Ita
515 1740 608 1815 petita
624 1758 693 1814 pace
713 1759 745 1795 ac
766 1740 864 1796 dedita
883 1741 983 1799 insula

1 1905 3 1909 ι
95 1835 188 1890 clanis
214 1852 248 1890 ao
273 1852 395 1908 magnus
420 1832 521 1889 haberi
548 1833 692 1907 Agricola,
721 1835 828 1910 quippe
859 1837 907 1892 cui
939 1839 983 1894 in-

94 1931 238 2008 gredienti
258 1931 445 2006 provinciam,
470 1929 548 2004 quod
568 1934 683 2004 tempus
706 1930 757 1986 alii
781 1949 832 2005 per
855 1938 983 1990 ostenta·

25 2094 27 2099 ι
94 2028 204 2084 tionem
230 2031 261 2083 et
286 2020 445 2082 officiorum
471 2023 613 2080 ambitum
640 2023 813 2098 transigunt,
841 2025 925 2082 labor
950 2033 982 2084 et

74 2123 255 2198 ‘periculum
293 2121 455 2197 placuisset
506 2118 570 2176 Nec
609 2118 748 2193 Agricola
786 2123 982 2195 prosperitate

95 2237 192 2274 rerum
207 2218 239 2273 in
250 2217 418 2273 ¹vanitatem
436 2234 505 2271 usus
525 2213 738 2289 expeditionem
758 2222 810 2272 aut
826 2216 982 2276 victoriam

94 2313 214 2370 vocabat
229 2313 321 2369 victos
339 2311 528 2382 continuisse3
548 2330 585 2367 ne
603 2310 739 2367 laureatis
759 2313 877 2386 quidem
898 2321 982 2389 gesta

94 2415 260 2484 prosecutus
274 2412 324 2463 est.
367 2405 424 2462 sed
437 2406 500 2479 ipsa
513 2405 742 2461 dissimulatione
758 2407 851 2462 famae
870 2407 981 2466 famam
1005 2478 1009 2486 Ι

93 2505 177 2561 auxit
203 2502 430 2572 aestimantibus,
459 2507 570 2575 quanta
596 2501 689 2557 futini
717 2520 767 2576 spe
789 2506 851 2557 tam
873 2522 980 2578 magna

94 2603 237 2659 tacuisset.

27 2712 30 2717 '
124 2671 243 2765 filix.
287 2695 423 2753 Ceterum
449 2695 612 2750 animorum
606 2693 809 2782 provinciae
826 2695 977 2781 prudens,

93 2794 237 2867 simulque
251 2791 317 2847 doct
305 2798 352 2847 tus
370 2808 422 2865 per
434 2789 528 2845 aliena
542 2788 740 2862 experimenta
758 2807 862 2863 parurn
873 2770 979 2879 profici
992 2778 1031 2851 aei

92 2892 188 2960 armis,
204 2890 228 2945 si
242 2889 366 2964 injuriae
379 2893 577 2961 sequerentur,
593 2904 692 2941 causas
706 2884 848 2941 bellorum
869 2873 978 2945 statuit

1 2978 44 3010 ³''
93 2986 233 3043 excidere.
274 2986 306 3040 A
324 3002 353 3040 se
374 2981 490 3057 suisque
508 3000 589 3037 orsus
608 2981 736 3055 primum
756 2981 875 3037 domum
893 3002 978 3041 suam

93 3062 226 3150 oodrcuit,
242 3079 320 3154 quod
333 3077 478 3154 plerisque
491 3075 569 3132 haud
582 3076 679 3132 minus
692 3076 816 3133 arduum
829 3085 873 3134 est
887 3099 976 3154 quam

92 3148 272 3252 piiovirsciam
285 3193 390 3250 regere.
432 3171 518 3229 Nihil
531 3190 584 3246 per
596 3171 716 3228 libertos
730 3191 885 3249 servosque
903 3175 976 3249 pub·

92 3274 164 3330 lioae
184 3255 234 3342 rei,
256 3291 316 3327 non
333 3270 438 3327 studiis
455 3269 577 3344 privatis
595 3287 649 3325 neo
667 3287 705 3324 ex
725 3269 976 3329 commendatione

75 3375 132 3422 aut
141 3368 285 3442 precibus
299 3366 514 3439 centurionem,
529 3363 641 3421 milites
653 3363 754 3445 astino,
764 3364 820 3420 sed
836 3364 978 3439 optimum
983 3352 1034 3393 ³*
