2206 3682
300 186 503 250 Admota
532 189 777 251 xus-XVII.
947 196 980 252 ll
1044 251 1045 255 ,

99 316 229 396 mansit),
243 325 287 390 ut,
300 324 398 377 vetere
413 338 446 376 ac
466 320 525 377 iam
541 320 653 395 pridem
669 328 785 397 recepta
804 323 904 398 populi
925 324 983 381 Ro-

98 416 182 474 mani
201 416 417 488 consuetudine,
431 416 551 473 haberet
570 417 768 474 instrumenta
788 419 938 478 servitutis
954 428 991 478 et'

97 537 192 595 reges.
227 519 301 576 Mox
315 518 421 575 Didius
436 517 537 574 Gallus
550 524 634 594 parta
647 512 819 595 aptioribus
829 519 983 591 continuit,

97 617 201 693 paucis
223 616 378 673 admodum
401 615 525 672 castellis
545 615 579 671 in
601 615 740 672 ulteriora
764 616 910 690 promotis,
932 635 985 690 per

97 733 177 789 quae
190 714 266 769 fama
279 712 357 769 aucti
370 710 456 768 officii
468 715 661 787 quaereretur.
704 710 827 767 Didium
837 711 985 768 Veranius

97 812 224 886 excepit,
245 812 327 886 isque
346 810 425 865 intra
442 828 552 865 annum
569 809 717 864 extinctus
735 814 785 866 est.
828 808 984 865 Suetonius

96 908 169 965 hinc
193 907 334 963 Paulinus
356 906 474 972 biennio
496 923 646 981 prosperas
667 924 713 961 res
734 904 838 960 habuit
859 905 985 961 subactis

96 1001 269 1060 nationibus
305 1002 484 1076 firmatisque
519 1002 669 1078 praesidiis
676 1021 684 1073 ;
720 1021 843 1076 quorum
879 1001 985 1058 fiducia

97 1099 223 1156 Monam
248 1099 382 1168 insulam,
410 1102 445 1154 ut
471 1099 548 1153 vires
573 1095 728 1152 rebellibus
759 1096 983 1168 ministrantem,

96 1213 250 1270 aggressus
263 1199 344 1268 terga
357 1192 497 1250 occasioni
510 1192 652 1267 patefecit.

159 1288 231 1348 XV.
275 1287 410 1363 Namque
449 1287 579 1355 absentia
618 1286 707 1362 legati
747 1293 857 1344 remoto
893 1294 982 1358 metu,

96 1387 238 1445 Britanni
268 1387 378 1461 agitare
406 1386 484 1441 inter
510 1403 540 1441 se
566 1383 643 1440 mala
669 1383 826 1455 servitutis,
856 1384 984 1440 conferre

94 1485 222 1543 iniurias
253 1489 283 1541 et
317 1482 536 1559 interpretando
565 1481 728 1538 accendere.
769 1480 855 1536 Nihil
884 1480 984 1556 profici

93 1580 248 1658 patientia,
264 1580 320 1636 nisi
336 1565 372 1634 ut
386 1579 518 1654 graviora
535 1583 684 1653 tamquam
705 1581 742 1634 ex
760 1577 841 1633 facili
861 1577 984 1633 toleran-

93 1677 178 1734 tibus
203 1675 389 1752 imperentur.
433 1675 567 1751 Singulos
594 1676 651 1733 sibi
677 1677 747 1733 olim
777 1695 857 1751 reges
886 1677 982 1749 fuisse,

93 1792 177 1830 nunc
200 1772 283 1829 binos
305 1772 424 1851 imponi,
450 1792 466 1830 c
489 1774 595 1848 quibus
618 1774 729 1849 legatus
753 1774 784 1829 in
806 1772 982 1847 sanguinem,

93 1875 266 1947 procurator
279 1871 311 1927 in
327 1870 403 1927 bona
419 1872 549 1929 saeviret.
591 1872 695 1946 Aeque
715 1871 885 1928 discordiam
905 1890 985 1946 prae

49 2035 52 2042 Ι
93 1968 265 2043 positorum,
301 1986 391 2042 aeque
428 1966 606 2023 concordia-m
645 1966 781 2023 subiectis
816 1966 983 2039 exitiosam,

94 2061 218 2118 alterius
240 2080 366 2131 manum,
390 2061 580 2132 centuriones,
603 2047 724 2118 alterius
750 2079 846 2119 servos
869 2061 930 2116 vim
954 2070 984 2118 et

94 2157 286 2214 contumelias
322 2158 447 2217 miscere.
491 2158 576 2214 Nihil
612 2158 670 2214 iarn
705 2158 867 2234 cupiditati,
909 2159 984 2216 nihil

93 2256 215 2314 libidini
241 2261 400 2332 exceptum.
443 2255 482 2312 In
511 2255 620 2331 proelio
649 2255 798 2312 fortiorem
829 2274 897 2326 esse,
933 2256 984 2331 qui

94 2351 216 2428 spoliet3
249 2369 327 2407 nuno
358 2352 394 2408 ab
424 2350 538 2426 ignavis
566 2351 737 2426 plerumque
764 2355 794 2407 et
820 2351 985 2407 imbellibus

94 2447 172 2522 eripi
195 2446 302 2514 domos,
326 2446 456 2503 abstrahi
482 2447 593 2517 liberos,
617 2446 730 2521 iniungi
754 2446 889 2515 delectus,
914 2452 985 2502 tam·

95 2564 187 2621 quam
203 2545 277 2600 mori
293 2549 410 2600 tantum
423 2563 476 2620 pro
489 2544 585 2619 patria
604 2543 808 2600 nescientibus
853 2542 985 2610 Quantu-

95 2644 158 2701 lum
171 2643 251 2699 enim
258 2641 395 2698 transisse
406 2642 542 2709 militum,
553 2643 578 2698 si
592 2660 652 2698 sese
662 2641 798 2698 Britanni
806 2661 845 2698 nu
850 2647 963 2698 merent
973 2643 983 2698 l

96 2739 145 2794 Sic
157 2737 328 2795 Germanias
342 2737 500 2793 excussisse
513 2736 622 2811 iugum,
632 2741 662 2792 et
671 2735 798 2806 flumine,
810 2755 871 2792 non
880 2755 986 2791 oceano

96 2833 231 2905 defendi,
259 2832 316 2888 sibi
338 2832 470 2908 patriam,
494 2832 636 2906 coniuges,
661 2836 802 2906 parentes,
822 2831 881 2886 illis
895 2828 987 2886 avari-

96 2931 171 2987 tiam
191 2933 223 2985 et
243 2928 390 2985 luxuriam
410 2947 522 2984 caussas
545 2928 614 2984 belli
638 2946 705 2984 esse.
748 2927 928 2994 Recessuros,
952 2930 986 2980 ut

98 3029 185 3086 divus
221 3026 317 3083 Iulius
350 3025 518 3093 recessisset,
551 3027 637 3082 modo
670 3026 810 3082 tirtutem
844 3023 986 3079 maiorum

99 3145 220 3184 snorum
233 3123 455 3181 aemularentur.
488 3121 572 3179 Neve
584 3121 688 3197 proelii
702 3121 789 3177 unius
802 3124 854 3176 aut
867 3119 988 3174 alterius

99 3227 209 3280 eventu
237 3225 437 3298 pavescerent3
476 3219 542 3295 plus
581 3219 715 3294 impetus,
753 3218 888 3274 maiorem
924 3234 987 3271 con-

100 3318 239 3374 stantiam
254 3334 342 3392 penes
355 3315 473 3372 miseros
487 3333 553 3372 csse.
596 3315 660 3370 Iam
675 3314 881 3369 Britannorum
900 3311 985 3368 etiam

101 3413 169 3471 deos
192 3411 331 3482 misereri,
359 3410 411 3486 qui
438 3412 603 3468 Romanum
622 3409 733 3467 'ducem
756 3409 913 3473 absentem,
937 3409 987 3480 qui
