<?xml version="1.0" encoding="UTF-8"?>
<!DOCTYPE html PUBLIC "-//W3C//DTD XHTML 1.0 Transitional//EN"
    "http://www.w3.org/TR/xhtml1/DTD/xhtml1-transitional.dtd">
<html xmlns="http://www.w3.org/1999/xhtml" xml:lang="en" lang="en">
 <head>
  <title>
</title>
<meta http-equiv="Content-Type" content="text/html;charset=utf-8" />
  <meta name='ocr-system' content='tesseract 3.04.00' />
  <meta name='ocr-capabilities' content='ocr_page ocr_carea ocr_par ocr_line ocrx_word'/>
</head>
<body>
  <div class='ocr_page' id='page_1' title='image "./agricolaandgerm00tacigoog_0038.png"; bbox 0 0 2206 3682; ppageno 0'>
   <div class='ocr_carea' id='block_1_1' title="bbox 376 190 1019 264">
    <p class='ocr_par' dir='ltr' id='par_1_1' title="bbox 376 190 1019 264">
     <span class='ocr_line' id='line_1_1' title="bbox 376 190 1019 264; baseline 0.006 -5"><span class='ocrx_word' id='word_1_1' title='bbox 376 193 577 264; x_wconf 68' lang='lat' dir='ltr'><strong>reticete</strong></span> <span class='ocrx_word' id='word_1_2' title='bbox 606 190 700 262; x_wconf 76' lang='lat' dir='ltr'><strong>VHL</strong></span> <span class='ocrx_word' id='word_1_3' title='bbox 729 203 787 260; x_wconf 76' lang='lat' dir='ltr'><strong>IX</strong></span> <span class='ocrx_word' id='word_1_4' title='bbox 1002 205 1019 263; x_wconf 84' lang='grc'><strong>7</strong></span> 
     </span>
    </p>
   </div>
   <div class='ocr_carea' id='block_1_2' title="bbox 75 333 1092 1738">
    <p class='ocr_par' dir='ltr' id='par_1_2' title="bbox 129 333 1074 893">
     <span class='ocr_line' id='line_1_2' title="bbox 133 333 1021 392; baseline 0.002 -2"><span class='ocrx_word' id='word_1_5' title='bbox 133 333 339 391; x_wconf 85' lang='lat' dir='ltr'><strong>auctoritatem</strong></span> <span class='ocrx_word' id='word_1_6' title='bbox 366 339 434 390; x_wconf 51' lang='lat' dir='ltr'><strong>aut·¹</strong></span> <span class='ocrx_word' id='word_1_7' title='bbox 449 335 587 391; x_wconf 86' lang='lat' dir='ltr'><strong>severitas</strong></span> <span class='ocrx_word' id='word_1_8' title='bbox 618 353 745 390; x_wconf 87' lang='lat' dir='ltr'><strong>amorem</strong></span> <span class='ocrx_word' id='word_1_9' title='bbox 776 334 926 390; x_wconf 86' lang='lat' dir='ltr'><strong>deminuit.</strong></span> <span class='ocrx_word' id='word_1_10' title='bbox 969 334 1021 392; x_wconf 87' lang='lat' dir='ltr'><strong>In·</strong></span> 
     </span>
     <span class='ocr_line' id='line_1_3' title="bbox 132 430 1039 518; baseline 0 -30"><span class='ocrx_word' id='word_1_11' title='bbox 132 432 303 506; x_wconf 88' lang='lat' dir='ltr'><strong>tegritatem</strong></span> <span class='ocrx_word' id='word_1_12' title='bbox 324 437 412 507; x_wconf 89' lang='lat' dir='ltr'><strong>atque</strong></span> <span class='ocrx_word' id='word_1_13' title='bbox 433 431 640 487; x_wconf 74' lang='lat' dir='ltr'><strong>abstinentiam</strong></span> <span class='ocrx_word' id='word_1_14' title='bbox 662 431 692 486; x_wconf 90' lang='lat' dir='ltr'><strong>in</strong></span> <span class='ocrx_word' id='word_1_15' title='bbox 719 436 802 486; x_wconf 87' lang='lat' dir='ltr'><strong>tanto</strong></span> <span class='ocrx_word' id='word_1_16' title='bbox 825 431 890 486; x_wconf 76' lang='lat' dir='ltr'><strong>viro</strong></span> <span class='ocrx_word' id='word_1_17' title='bbox 913 430 1039 518; x_wconf 49' lang='lat' dir='ltr'><strong>reterre</strong></span> 
     </span>
     <span class='ocr_line' id='line_1_4' title="bbox 131 507 1020 604; baseline 0 -19"><span class='ocrx_word' id='word_1_18' title='bbox 131 529 244 585; x_wconf 89' lang='lat' dir='ltr'><strong>iniuria</strong></span> <span class='ocrx_word' id='word_1_19' title='bbox 256 529 401 585; x_wconf 84' lang='lat' dir='ltr'><strong>virtutum</strong></span> <span class='ocrx_word' id='word_1_20' title='bbox 415 529 511 586; x_wconf 85' lang='lat' dir='ltr'><strong>luerit.</strong></span> <span class='ocrx_word' id='word_1_21' title='bbox 555 527 603 585; x_wconf 89' lang='lat' dir='ltr'><strong>Ne</strong></span> <span class='ocrx_word' id='word_1_22' title='bbox 616 529 721 584; x_wconf 85' lang='lat' dir='ltr'><strong>famam</strong></span> <span class='ocrx_word' id='word_1_23' title='bbox 737 529 861 604; x_wconf 91' lang='lat' dir='ltr'><strong>quidem,</strong></span> <span class='ocrx_word' id='word_1_24' title='bbox 877 507 931 584; x_wconf 74' lang='lat' dir='ltr'><strong>cui</strong></span> <span class='ocrx_word' id='word_1_25' title='bbox 937 508 1020 604; x_wconf 80' lang='lat' dir='ltr'><strong>saepe</strong></span> 
     </span>
     <span class='ocr_line' id='line_1_5' title="bbox 131 623 1020 699; baseline 0 -18"><span class='ocrx_word' id='word_1_26' title='bbox 131 625 224 681; x_wconf 87' lang='lat' dir='ltr'><strong>etiam</strong></span> <span class='ocrx_word' id='word_1_27' title='bbox 233 623 303 680; x_wconf 88' lang='lat' dir='ltr'><strong>boni</strong></span> <span class='ocrx_word' id='word_1_28' title='bbox 316 623 478 699; x_wconf 88' lang='lat' dir='ltr'><strong>indulgent,</strong></span> <span class='ocrx_word' id='word_1_29' title='bbox 489 624 662 680; x_wconf 87' lang='lat' dir='ltr'><strong>ostentanda</strong></span> <span class='ocrx_word' id='word_1_30' title='bbox 672 625 784 680; x_wconf 85' lang='lat' dir='ltr'><strong>virtute</strong></span> <span class='ocrx_word' id='word_1_31' title='bbox 798 630 849 680; x_wconf 91' lang='lat' dir='ltr'><strong>aut</strong></span> <span class='ocrx_word' id='word_1_32' title='bbox 862 643 914 699; x_wconf 88' lang='lat' dir='ltr'><strong>per</strong></span> <span class='ocrx_word' id='word_1_33' title='bbox 927 630 1020 681; x_wconf 86' lang='lat' dir='ltr'><strong>artem</strong></span> 
     </span>
     <span class='ocr_line' id='line_1_6' title="bbox 131 716 1074 796; baseline -0.002 -20"><span class='ocrx_word' id='word_1_34' title='bbox 131 721 296 796; x_wconf 80' lang='lat' dir='ltr'><strong>quaesivit3</strong></span> <span class='ocrx_word' id='word_1_35' title='bbox 326 718 425 795; x_wconf 90' lang='lat' dir='ltr'><strong>procul</strong></span> <span class='ocrx_word' id='word_1_36' title='bbox 446 720 484 775; x_wconf 92' lang='lat' dir='ltr'><strong>ab</strong></span> <span class='ocrx_word' id='word_1_37' title='bbox 506 718 700 774; x_wconf 78' lang='lat' dir='ltr'><strong>aemulatione</strong></span> <span class='ocrx_word' id='word_1_38' title='bbox 727 718 865 776; x_wconf 81' lang='lat' dir='ltr'><strong>adversus</strong></span> <span class='ocrx_word' id='word_1_39' title='bbox 888 718 1018 793; x_wconf 83' lang='lat' dir='ltr'><strong>collegas,</strong></span> <span class='ocrx_word' id='word_1_40' title='bbox 1072 716 1074 719; x_wconf 74' lang='grc'><strong>’</strong></span> 
     </span>
     <span class='ocr_line' id='line_1_7' title="bbox 129 815 1041 893; baseline -0.002 -21"><span class='ocrx_word' id='word_1_41' title='bbox 129 816 234 893; x_wconf 93' lang='lat' dir='ltr'><strong>procul</strong></span> <span class='ocrx_word' id='word_1_42' title='bbox 247 835 265 872; x_wconf 92' lang='lat' dir='ltr'><strong>a</strong></span> <span class='ocrx_word' id='word_1_43' title='bbox 278 815 464 873; x_wconf 83' lang='lat' dir='ltr'><strong>contentione</strong></span> <span class='ocrx_word' id='word_1_44' title='bbox 482 815 619 871; x_wconf 87' lang='lat' dir='ltr'><strong>adversus</strong></span> <span class='ocrx_word' id='word_1_45' title='bbox 636 819 843 890; x_wconf 77' lang='lat' dir='ltr'><strong>procuratores,</strong></span> <span class='ocrx_word' id='word_1_46' title='bbox 859 820 888 871; x_wconf 91' lang='lat' dir='ltr'><strong>et</strong></span> <span class='ocrx_word' id='word_1_47' title='bbox 904 815 1041 889; x_wconf 76' lang='lat' dir='ltr'><strong>vincere,</strong></span> 
     </span>
    </p>

    <p class='ocr_par' dir='ltr' id='par_1_3' title="bbox 81 886 1092 1174">
     <span class='ocr_line' id='line_1_8' title="bbox 128 886 1092 987; baseline -0.004 -18.186"><span class='ocrx_word' id='word_1_48' title='bbox 128 912 290 987; x_wconf 88' lang='lat' dir='ltr'><strong>inglorium</strong></span> <span class='ocrx_word' id='word_1_49' title='bbox 316 916 346 968; x_wconf 93' lang='lat' dir='ltr'><strong>et</strong></span> <span class='ocrx_word' id='word_1_50' title='bbox 372 912 465 985; x_wconf 65' lang='lat' dir='ltr'><strong>atteri</strong></span> <span class='ocrx_word' id='word_1_51' title='bbox 486 911 633 967; x_wconf 90' lang='lat' dir='ltr'><strong>sordidum</strong></span> <span class='ocrx_word' id='word_1_52' title='bbox 659 911 863 968; x_wconf 78' lang='lat' dir='ltr'><strong>arbitrabatur.</strong></span> <span class='ocrx_word' id='word_1_53' title='bbox 915 910 1018 967; x_wconf 87' lang='lat' dir='ltr'><strong>Minus</strong></span> <span class='ocrx_word' id='word_1_54' title='bbox 1032 886 1054 965; x_wconf 57' lang='lat' dir='ltr'><strong>ir</strong></span> <span class='ocrx_word' id='word_1_55' title='bbox 1070 908 1092 941; x_wconf 47' lang='grc' dir='ltr'><strong>ι’*</strong></span> 
     </span>
     <span class='ocr_line' id='line_1_9' title="bbox 128 1005 1018 1080; baseline -0.001 -18"><span class='ocrx_word' id='word_1_56' title='bbox 128 1007 293 1063; x_wconf 87' lang='lat' dir='ltr'><strong>triennium</strong></span> <span class='ocrx_word' id='word_1_57' title='bbox 311 1006 344 1062; x_wconf 89' lang='lat' dir='ltr'><strong>in</strong></span> <span class='ocrx_word' id='word_1_58' title='bbox 361 1025 395 1062; x_wconf 88' lang='lat' dir='ltr'><strong>ea</strong></span> <span class='ocrx_word' id='word_1_59' title='bbox 412 1006 556 1080; x_wconf 85' lang='lat' dir='ltr'><strong>legatione</strong></span> <span class='ocrx_word' id='word_1_60' title='bbox 576 1006 712 1062; x_wconf 88' lang='lat' dir='ltr'><strong>detentus</strong></span> <span class='ocrx_word' id='word_1_61' title='bbox 725 1023 758 1060; x_wconf 93' lang='lat' dir='ltr'><strong>ac</strong></span> <span class='ocrx_word' id='word_1_62' title='bbox 773 1006 873 1060; x_wconf 90' lang='lat' dir='ltr'><strong>statim</strong></span> <span class='ocrx_word' id='word_1_63' title='bbox 888 1005 924 1060; x_wconf 85' lang='lat' dir='ltr'><strong>ad</strong></span> <span class='ocrx_word' id='word_1_64' title='bbox 938 1022 1018 1080; x_wconf 88' lang='lat' dir='ltr'><strong>spem</strong></span> 
     </span>
     <span class='ocr_line' id='line_1_10' title="bbox 128 1099 1018 1174; baseline -0.003 -17"><span class='ocrx_word' id='word_1_65' title='bbox 128 1101 298 1158; x_wconf 84' lang='lat' dir='ltr'><strong>consulatus</strong></span> <span class='ocrx_word' id='word_1_66' title='bbox 318 1107 469 1158; x_wconf 83' lang='lat' dir='ltr'><strong>revocatus</strong></span> <span class='ocrx_word' id='word_1_67' title='bbox 492 1106 545 1171; x_wconf 90' lang='lat' dir='ltr'><strong>est,</strong></span> <span class='ocrx_word' id='word_1_68' title='bbox 568 1099 724 1156; x_wconf 86' lang='lat' dir='ltr'><strong>comitante</strong></span> <span class='ocrx_word' id='word_1_69' title='bbox 748 1099 883 1174; x_wconf 88' lang='lat' dir='ltr'><strong>opinione</strong></span> <span class='ocrx_word' id='word_1_70' title='bbox 903 1099 1018 1155; x_wconf 86' lang='lat' dir='ltr'><strong>Britan-</strong></span> 
     </span>
    </p>

    <p class='ocr_par' dir='ltr' id='par_1_4' title="bbox 75 1194 1017 1465">
     <span class='ocr_line' id='line_1_11' title="bbox 75 1194 1017 1276; baseline -0.001 -25"><span class='ocrx_word' id='word_1_71' title='bbox 75 1271 77 1276; x_wconf 69' lang='lat'><strong>,</strong></span> <span class='ocrx_word' id='word_1_72' title='bbox 127 1196 211 1252; x_wconf 89' lang='lat' dir='ltr'><strong>niam</strong></span> <span class='ocrx_word' id='word_1_73' title='bbox 225 1197 253 1252; x_wconf 90' lang='lat' dir='ltr'><strong>ei</strong></span> <span class='ocrx_word' id='word_1_74' title='bbox 265 1195 444 1272; x_wconf 89' lang='lat' dir='ltr'><strong>provinciam</strong></span> <span class='ocrx_word' id='word_1_75' title='bbox 455 1197 527 1267; x_wconf 88' lang='lat' dir='ltr'><strong>dari,</strong></span> <span class='ocrx_word' id='word_1_76' title='bbox 539 1195 629 1252; x_wconf 90' lang='lat' dir='ltr'><strong>nullis</strong></span> <span class='ocrx_word' id='word_1_77' title='bbox 642 1195 675 1250; x_wconf 90' lang='lat' dir='ltr'><strong>in</strong></span> <span class='ocrx_word' id='word_1_78' title='bbox 688 1195 741 1250; x_wconf 90' lang='lat' dir='ltr'><strong>hoc</strong></span> <span class='ocrx_word' id='word_1_79' title='bbox 755 1194 814 1250; x_wconf 89' lang='lat' dir='ltr'><strong>suis</strong></span> <span class='ocrx_word' id='word_1_80' title='bbox 828 1194 1017 1266; x_wconf 71' lang='lat' dir='ltr'><strong>sermonibus,</strong></span> 
     </span>
     <span class='ocr_line' id='line_1_12' title="bbox 126 1293 1017 1369; baseline -0.003 -19"><span class='ocrx_word' id='word_1_81' title='bbox 126 1294 180 1350; x_wconf 86' lang='lat' dir='ltr'><strong>sed</strong></span> <span class='ocrx_word' id='word_1_82' title='bbox 204 1295 274 1369; x_wconf 89' lang='lat' dir='ltr'><strong>quia</strong></span> <span class='ocrx_word' id='word_1_83' title='bbox 297 1295 534 1369; x_wconf 78' lang='lat' dir='ltr'><strong>pervidebatur.</strong></span> <span class='ocrx_word' id='word_1_84' title='bbox 576 1293 668 1350; x_wconf 89' lang='lat' dir='ltr'><strong>Haud</strong></span> <span class='ocrx_word' id='word_1_85' title='bbox 692 1312 804 1368; x_wconf 88' lang='lat' dir='ltr'><strong>semper</strong></span> <span class='ocrx_word' id='word_1_86' title='bbox 827 1297 904 1348; x_wconf 90' lang='lat' dir='ltr'><strong>errat</strong></span> <span class='ocrx_word' id='word_1_87' title='bbox 923 1293 1017 1368; x_wconf 82' lang='lat' dir='ltr'><strong>fama3</strong></span> 
     </span>
     <span class='ocr_line' id='line_1_13' title="bbox 125 1387 1016 1465; baseline -0.003 -19"><span class='ocrx_word' id='word_1_88' title='bbox 125 1389 286 1464; x_wconf 84' lang='lat' dir='ltr'><strong>aliquando</strong></span> <span class='ocrx_word' id='word_1_89' title='bbox 300 1396 330 1446; x_wconf 89' lang='lat' dir='ltr'><strong>et</strong></span> <span class='ocrx_word' id='word_1_90' title='bbox 344 1389 437 1465; x_wconf 84' lang='lat' dir='ltr'><strong>elegit.</strong></span> <span class='ocrx_word' id='word_1_91' title='bbox 481 1389 589 1447; x_wconf 83' lang='lat' dir='ltr'><strong>Consul</strong></span> <span class='ocrx_word' id='word_1_92' title='bbox 610 1390 739 1465; x_wconf 82' lang='lat' dir='ltr'><strong>egregiae</strong></span> <span class='ocrx_word' id='word_1_93' title='bbox 763 1394 827 1445; x_wconf 89' lang='lat' dir='ltr'><strong>tum</strong></span> <span class='ocrx_word' id='word_1_94' title='bbox 846 1388 906 1463; x_wconf 90' lang='lat' dir='ltr'><strong>spei</strong></span> <span class='ocrx_word' id='word_1_95' title='bbox 926 1387 1016 1444; x_wconf 88' lang='lat' dir='ltr'><strong>filiam</strong></span> 
     </span>
    </p>

    <p class='ocr_par' dir='ltr' id='par_1_5' title="bbox 75 1478 1092 1738">
     <span class='ocr_line' id='line_1_14' title="bbox 75 1478 1092 1568; baseline 0 -29"><span class='ocrx_word' id='word_1_96' title='bbox 75 1484 230 1540; x_wconf 51' lang='lat' dir='ltr'><strong>Wiuveni</strong></span> <span class='ocrx_word' id='word_1_97' title='bbox 245 1484 319 1540; x_wconf 88' lang='lat' dir='ltr'><strong>mihi</strong></span> <span class='ocrx_word' id='word_1_98' title='bbox 340 1485 499 1563; x_wconf 52' lang='lat' dir='ltr'><strong>Qde-it,</strong></span> <span class='ocrx_word' id='word_1_99' title='bbox 515 1504 547 1542; x_wconf 90' lang='lat' dir='ltr'><strong>ac</strong></span> <span class='ocrx_word' id='word_1_100' title='bbox 562 1492 628 1560; x_wconf 87' lang='lat' dir='ltr'><strong>post</strong></span> <span class='ocrx_word' id='word_1_101' title='bbox 646 1485 828 1541; x_wconf 88' lang='lat' dir='ltr'><strong>consulatum</strong></span> <span class='ocrx_word' id='word_1_102' title='bbox 844 1484 995 1568; x_wconf 76' lang='lat' dir='ltr'><strong>collocavit</strong></span> <span class='ocrx_word' id='word_1_103' title='bbox 1005 1490 1020 1556; x_wconf 70' lang='grc' dir='ltr'><strong>ξ,</strong></span> <span class='ocrx_word' id='word_1_104' title='bbox 1029 1478 1069 1562; x_wconf 53' lang='grc' dir='ltr'>ιρι,</span> <span class='ocrx_word' id='word_1_105' title='bbox 1076 1487 1092 1561; x_wconf 55' lang='grc' dir='ltr'><strong>ζ,</strong></span> 
     </span>
     <span class='ocr_line' id='line_1_15' title="bbox 124 1579 1016 1659; baseline 0.006 -25"><span class='ocrx_word' id='word_1_106' title='bbox 124 1588 159 1635; x_wconf 88' lang='lat' dir='ltr'><strong>et</strong></span> <span class='ocrx_word' id='word_1_107' title='bbox 180 1580 282 1635; x_wconf 88' lang='lat' dir='ltr'><strong>statim</strong></span> <span class='ocrx_word' id='word_1_108' title='bbox 305 1579 475 1652; x_wconf 81' lang='lat' dir='ltr'><strong>Britanniae</strong></span> <span class='ocrx_word' id='word_1_109' title='bbox 494 1581 674 1656; x_wconf 79' lang='lat' dir='ltr'><strong>praepositus</strong></span> <span class='ocrx_word' id='word_1_110' title='bbox 696 1587 747 1652; x_wconf 87' lang='lat' dir='ltr'><strong>est,</strong></span> <span class='ocrx_word' id='word_1_111' title='bbox 770 1581 881 1638; x_wconf 86' lang='lat' dir='ltr'><strong>adiecto</strong></span> <span class='ocrx_word' id='word_1_112' title='bbox 901 1583 1016 1659; x_wconf 88' lang='lat' dir='ltr'><strong>pontifi·</strong></span> 
     </span>
     <span class='ocr_line' id='line_1_16' title="bbox 124 1677 390 1738; baseline 0.008 -6"><span class='ocrx_word' id='word_1_113' title='bbox 124 1681 210 1732; x_wconf 89' lang='lat' dir='ltr'><strong>catus</strong></span> <span class='ocrx_word' id='word_1_114' title='bbox 223 1677 390 1738; x_wconf 84' lang='lat' dir='ltr'><strong>sacerdotio.</strong></span> 
     </span>
    </p>
   </div>
   <div class='ocr_carea' id='block_1_3' title="bbox 106 1929 1014 2177">
    <p class='ocr_par' dir='ltr' id='par_1_6' title="bbox 106 1929 1014 2177">
     <span class='ocr_line' id='line_1_17' title="bbox 106 1929 1014 2006; baseline 0.001 -20"><span class='ocrx_word' id='word_1_115' title='bbox 106 1947 252 1987; x_wconf 77' lang='lat' dir='ltr'><strong>·1.-x11.</strong></span> <span class='ocrx_word' id='word_1_116' title='bbox 293 1929 412 1988; x_wconf 79' lang='lat' dir='ltr'><strong>Britain</strong></span> <span class='ocrx_word' id='word_1_117' title='bbox 419 1951 433 1999; x_wconf 87' lang='grc'><strong>,·</strong></span> <span class='ocrx_word' id='word_1_118' title='bbox 454 1931 493 1988; x_wconf 78' lang='lat' dir='ltr'><strong>its</strong></span> <span class='ocrx_word' id='word_1_119' title='bbox 509 1929 687 2001; x_wconf 68' lang='lat' dir='ltr'><strong>tetenderim,</strong></span> <span class='ocrx_word' id='word_1_120' title='bbox 702 1929 795 2003; x_wconf 72' lang='lat' dir='ltr'><strong>cleope,</strong></span> <span class='ocrx_word' id='word_1_121' title='bbox 816 1930 1014 2006; x_wconf 72' lang='lat' dir='ltr'><strong>cwrmmdinq</strong></span> 
     </span>
     <span class='ocr_line' id='line_1_18' title="bbox 164 2015 1014 2090; baseline 0.001 -17"><span class='ocrx_word' id='word_1_122' title='bbox 164 2036 234 2088; x_wconf 79' lang='lat' dir='ltr'><strong>acar,</strong></span> <span class='ocrx_word' id='word_1_123' title='bbox 257 2017 359 2090; x_wconf 66' lang='lat' dir='ltr'><strong>origin,</strong></span> <span class='ocrx_word' id='word_1_124' title='bbox 380 2016 534 2087; x_wconf 74' lang='lat' dir='ltr'><strong>character,</strong></span> <span class='ocrx_word' id='word_1_125' title='bbox 559 2025 679 2074; x_wconf 79' lang='lat' dir='ltr'><strong>castoras</strong></span> <span class='ocrx_word' id='word_1_126' title='bbox 702 2015 740 2089; x_wconf 83' lang='lat' dir='ltr'><strong>of</strong></span> <span class='ocrx_word' id='word_1_127' title='bbox 755 2016 793 2073; x_wconf 81' lang='lat' dir='ltr'><strong>ita</strong></span> <span class='ocrx_word' id='word_1_128' title='bbox 813 2016 1014 2087; x_wconf 50' lang='lat' dir='ltr'><strong>inhabitarem·</strong></span> 
     </span>
     <span class='ocr_line' id='line_1_19' title="bbox 165 2102 609 2177; baseline -0.002 -18"><span class='ocrx_word' id='word_1_129' title='bbox 165 2103 284 2173; x_wconf 78' lang='lat' dir='ltr'><strong>climate,</strong></span> <span class='ocrx_word' id='word_1_130' title='bbox 295 2103 434 2177; x_wconf 77' lang='lat' dir='ltr'><strong>products</strong></span> <span class='ocrx_word' id='word_1_131' title='bbox 447 2102 485 2176; x_wconf 86' lang='lat' dir='ltr'><strong>of</strong></span> <span class='ocrx_word' id='word_1_132' title='bbox 492 2102 535 2160; x_wconf 78' lang='lat' dir='ltr'><strong>tlte</strong></span> <span class='ocrx_word' id='word_1_133' title='bbox 549 2102 609 2159; x_wconf 80' lang='lat' dir='ltr'><strong>soil.</strong></span> 
     </span>
    </p>
   </div>
   <div class='ocr_carea' id='block_1_4' title="bbox 75 2255 1099 3476">
    <p class='ocr_par' dir='ltr' id='par_1_7' title="bbox 75 2255 1099 3476">
     <span class='ocr_line' id='line_1_20' title="bbox 186 2255 1014 2330; baseline 0 -18"><span class='ocrx_word' id='word_1_134' title='bbox 186 2255 227 2312; x_wconf 86' lang='lat' dir='ltr'><strong>X.</strong></span> <span class='ocrx_word' id='word_1_135' title='bbox 269 2255 439 2313; x_wconf 86' lang='lat' dir='ltr'><strong>Britanniae</strong></span> <span class='ocrx_word' id='word_1_136' title='bbox 451 2255 541 2312; x_wconf 90' lang='lat' dir='ltr'><strong>situm</strong></span> <span class='ocrx_word' id='word_1_137' title='bbox 560 2255 740 2330; x_wconf 87' lang='lat' dir='ltr'><strong>populosque</strong></span> <span class='ocrx_word' id='word_1_138' title='bbox 756 2255 857 2312; x_wconf 88' lang='lat' dir='ltr'><strong>multis</strong></span> <span class='ocrx_word' id='word_1_139' title='bbox 871 2255 1014 2330; x_wconf 90' lang='lat' dir='ltr'><strong>scriptori-</strong></span> 
     </span>
     <span class='ocr_line' id='line_1_21' title="bbox 122 2332 1013 2426; baseline 0.003 -20"><span class='ocrx_word' id='word_1_140' title='bbox 122 2351 179 2406; x_wconf 88' lang='lat' dir='ltr'><strong>bus</strong></span> <span class='ocrx_word' id='word_1_141' title='bbox 192 2358 367 2408; x_wconf 89' lang='lat' dir='ltr'><strong>memoratcs</strong></span> <span class='ocrx_word' id='word_1_142' title='bbox 379 2371 439 2408; x_wconf 88' lang='lat' dir='ltr'><strong>non</strong></span> <span class='ocrx_word' id='word_1_143' title='bbox 452 2352 484 2407; x_wconf 94' lang='lat' dir='ltr'><strong>in</strong></span> <span class='ocrx_word' id='word_1_144' title='bbox 502 2351 745 2426; x_wconf 85' lang='lat' dir='ltr'><strong>comparationem</strong></span> <span class='ocrx_word' id='word_1_145' title='bbox 764 2332 848 2408; x_wconf 80' lang='lat' dir='ltr'><strong>curae</strong></span> <span class='ocrx_word' id='word_1_146' title='bbox 866 2352 1013 2426; x_wconf 84' lang='lat' dir='ltr'><strong>ingeniive</strong></span> 
     </span>
     <span class='ocr_line' id='line_1_22' title="bbox 121 2446 1099 2523; baseline 0 -22"><span class='ocrx_word' id='word_1_147' title='bbox 121 2446 257 2516; x_wconf 87' lang='lat' dir='ltr'><strong>referam,</strong></span> <span class='ocrx_word' id='word_1_148' title='bbox 282 2447 332 2503; x_wconf 88' lang='lat' dir='ltr'><strong>sed</strong></span> <span class='ocrx_word' id='word_1_149' title='bbox 353 2447 423 2522; x_wconf 90' lang='lat' dir='ltr'><strong>quia</strong></span> <span class='ocrx_word' id='word_1_150' title='bbox 445 2452 510 2503; x_wconf 87' lang='lat' dir='ltr'><strong>tum</strong></span> <span class='ocrx_word' id='word_1_151' title='bbox 533 2447 661 2522; x_wconf 86' lang='lat' dir='ltr'><strong>primum</strong></span> <span class='ocrx_word' id='word_1_152' title='bbox 686 2448 849 2523; x_wconf 85' lang='lat' dir='ltr'><strong>perdomita</strong></span> <span class='ocrx_word' id='word_1_153' title='bbox 870 2454 932 2504; x_wconf 88' lang='lat' dir='ltr'><strong>est·</strong></span> <span class='ocrx_word' id='word_1_154' title='bbox 923 2450 1012 2520; x_wconf 90' lang='lat' dir='ltr'><strong>,ita‚</strong></span> <span class='ocrx_word' id='word_1_155' title='bbox 1097 2495 1099 2501; x_wconf 91' lang='lat'><em>.</em></span> 
     </span>
     <span class='ocr_line' id='line_1_23' title="bbox 106 2491 1027 2629; baseline 0 -30"><span class='ocrx_word' id='word_1_156' title='bbox 106 2562 199 2621; x_wconf 49' lang='lat' dir='ltr'><strong>[quae</strong></span> <span class='ocrx_word' id='word_1_157' title='bbox 219 2542 329 2618; x_wconf 86' lang='lat' dir='ltr'><strong>priores</strong></span> <span class='ocrx_word' id='word_1_158' title='bbox 347 2543 478 2599; x_wconf 90' lang='lat' dir='ltr'><strong>nondum</strong></span> <span class='ocrx_word' id='word_1_159' title='bbox 500 2549 646 2629; x_wconf 81' lang='lat' dir='ltr'><strong>comperta</strong></span> <span class='ocrx_word' id='word_1_160' title='bbox 660 2543 804 2619; x_wconf 86' lang='lat' dir='ltr'><strong>eloquent</strong></span> <span class='ocrx_word' id='word_1_161' title='bbox 796 2563 825 2599; x_wconf 80' lang='lat' dir='ltr'><strong>ra</strong></span> <span class='ocrx_word' id='word_1_162' title='bbox 838 2491 1027 2618; x_wconf 87' lang='lat' dir='ltr'><strong>percoluere,</strong></span> 
     </span>
     <span class='ocr_line' id='line_1_24' title="bbox 79 2624 1093 2745; baseline 0 -48"><span class='ocrx_word' id='word_1_163' title='bbox 79 2624 220 2725; x_wconf 39' lang='lat' dir='ltr'><strong>satarum</strong></span> <span class='ocrx_word' id='word_1_164' title='bbox 249 2641 308 2745; x_wconf 83' lang='lat' dir='ltr'><strong>fide</strong></span> <span class='ocrx_word' id='word_1_165' title='bbox 335 2633 505 2699; x_wconf 78' lang='lat' dir='ltr'><strong>tradentun&#39;</strong></span> <span class='ocrx_word' id='word_1_166' title='bbox 548 2641 711 2710; x_wconf 87' lang='lat' dir='ltr'><strong>Britannia,</strong></span> <span class='ocrx_word' id='word_1_167' title='bbox 745 2639 913 2710; x_wconf 83' lang='lat' dir='ltr'><strong>insularum,</strong></span> <span class='ocrx_word' id='word_1_168' title='bbox 942 2661 1012 2716; x_wconf 87' lang='lat' dir='ltr'><strong>quas</strong></span> <span class='ocrx_word' id='word_1_169' title='bbox 1088 2692 1093 2697; x_wconf 81' lang='grc'>,</span> 
     </span>
     <span class='ocr_line' id='line_1_25' title="bbox 75 2707 1062 2814; baseline 0.002 -22"><span class='ocrx_word' id='word_1_170' title='bbox 75 2742 103 2773; x_wconf 62' lang='lat'><strong>”³</strong></span> <span class='ocrx_word' id='word_1_171' title='bbox 122 2707 274 2793; x_wconf 82' lang='lat' dir='ltr'><strong>Romana</strong></span> <span class='ocrx_word' id='word_1_172' title='bbox 275 2716 382 2793; x_wconf 72' lang='lat' dir='ltr'><strong>fictitia</strong></span> <span class='ocrx_word' id='word_1_173' title='bbox 393 2725 609 2812; x_wconf 88' lang='lat' dir='ltr'><strong>complectitur,</strong></span> <span class='ocrx_word' id='word_1_174' title='bbox 628 2739 765 2808; x_wconf 74' lang='lat' dir='ltr'><strong>maxima,</strong></span> <span class='ocrx_word' id='word_1_175' title='bbox 781 2739 875 2814; x_wconf 89' lang='lat' dir='ltr'><strong>spatio</strong></span> <span class='ocrx_word' id='word_1_176' title='bbox 888 2758 921 2794; x_wconf 90' lang='lat' dir='ltr'><strong>ac</strong></span> <span class='ocrx_word' id='word_1_177' title='bbox 935 2739 1040 2809; x_wconf 85' lang='lat' dir='ltr'><strong>coelo</strong></span> <span class='ocrx_word' id='word_1_178' title='bbox 1031 2723 1062 2752; x_wconf 57' lang='lat' dir='ltr'><strong>a</strong></span> 
     </span>
     <span class='ocr_line' id='line_1_26' title="bbox 121 2833 1012 2908; baseline 0 -20"><span class='ocrx_word' id='word_1_179' title='bbox 121 2833 155 2889; x_wconf 91' lang='lat' dir='ltr'><strong>in</strong></span> <span class='ocrx_word' id='word_1_180' title='bbox 174 2833 317 2889; x_wconf 87' lang='lat' dir='ltr'><strong>orientem</strong></span> <span class='ocrx_word' id='word_1_181' title='bbox 339 2833 550 2900; x_wconf 81' lang='lat' dir='ltr'><strong>Germaniae,</strong></span> <span class='ocrx_word' id='word_1_182' title='bbox 541 2852 573 2888; x_wconf 90' lang='grc' dir='ltr'><strong>ιιι</strong></span> <span class='ocrx_word' id='word_1_183' title='bbox 590 2833 766 2889; x_wconf 88' lang='lat' dir='ltr'><strong>occidentem</strong></span> <span class='ocrx_word' id='word_1_184' title='bbox 785 2833 947 2908; x_wconf 88' lang='lat' dir='ltr'><strong>Hispaniae</strong></span> <span class='ocrx_word' id='word_1_185' title='bbox 965 2835 1012 2889; x_wconf 80' lang='lat' dir='ltr'><strong>ob</strong></span> 
     </span>
     <span class='ocr_line' id='line_1_27' title="bbox 122 2928 1012 3004; baseline -0.001 -20"><span class='ocrx_word' id='word_1_186' title='bbox 122 2929 277 3001; x_wconf 87' lang='lat' dir='ltr'><strong>tenditur,</strong></span> <span class='ocrx_word' id='word_1_187' title='bbox 300 2929 420 2986; x_wconf 81' lang='lat' dir='ltr'><strong>Gallis</strong></span> <span class='ocrx_word' id='word_1_188' title='bbox 411 2949 441 2985; x_wconf 89' lang='lat' dir='ltr'><strong>m</strong></span> <span class='ocrx_word' id='word_1_189' title='bbox 462 2929 612 2995; x_wconf 76' lang='lat' dir='ltr'><strong>meridiem</strong></span> <span class='ocrx_word' id='word_1_190' title='bbox 631 2930 720 2987; x_wconf 87' lang='lat' dir='ltr'><strong>etiam</strong></span> <span class='ocrx_word' id='word_1_191' title='bbox 740 2929 901 3004; x_wconf 88' lang='lat' dir='ltr'><strong>inspicitur.</strong></span> <span class='ocrx_word' id='word_1_192' title='bbox 944 2928 1012 3003; x_wconf 83' lang='lat' dir='ltr'><strong>Sep·</strong></span> 
     </span>
     <span class='ocr_line' id='line_1_28' title="bbox 121 2972 1012 3098; baseline -0.001 -17"><span class='ocrx_word' id='word_1_193' title='bbox 121 2972 313 3082; x_wconf 82' lang='lat' dir='ltr'><strong>tentrionalia</strong></span> <span class='ocrx_word' id='word_1_194' title='bbox 339 3026 409 3092; x_wconf 89' lang='lat' dir='ltr'><strong>eius,</strong></span> <span class='ocrx_word' id='word_1_195' title='bbox 438 3023 526 3082; x_wconf 89' lang='lat' dir='ltr'><strong>nullis</strong></span> <span class='ocrx_word' id='word_1_196' title='bbox 557 3031 657 3088; x_wconf 85' lang='lat' dir='ltr'><strong>contra</strong></span> <span class='ocrx_word' id='word_1_197' title='bbox 690 3026 783 3094; x_wconf 87' lang='lat' dir='ltr'><strong>terris,</strong></span> <span class='ocrx_word' id='word_1_198' title='bbox 813 3031 896 3080; x_wconf 89' lang='lat' dir='ltr'><strong>vasto</strong></span> <span class='ocrx_word' id='word_1_199' title='bbox 924 3031 1012 3098; x_wconf 89' lang='lat' dir='ltr'><strong>atque</strong></span> 
     </span>
     <span class='ocr_line' id='line_1_29' title="bbox 121 3118 1010 3196; baseline -0.003 -19"><span class='ocrx_word' id='word_1_200' title='bbox 121 3126 224 3196; x_wconf 87' lang='lat' dir='ltr'><strong>aperto</strong></span> <span class='ocrx_word' id='word_1_201' title='bbox 250 3121 325 3176; x_wconf 88' lang='lat' dir='ltr'><strong>mari</strong></span> <span class='ocrx_word' id='word_1_202' title='bbox 350 3120 512 3195; x_wconf 88' lang='lat' dir='ltr'><strong>pulsantur.</strong></span> <span class='ocrx_word' id='word_1_203' title='bbox 554 3119 690 3175; x_wconf 82' lang='lat' dir='ltr'><strong>Formam</strong></span> <span class='ocrx_word' id='word_1_204' title='bbox 720 3120 810 3175; x_wconf 88' lang='lat' dir='ltr'><strong>totius</strong></span> <span class='ocrx_word' id='word_1_205' title='bbox 839 3118 1010 3174; x_wconf 87' lang='lat' dir='ltr'><strong>Britanniae</strong></span> 
     </span>
     <span class='ocr_line' id='line_1_30' title="bbox 122 3214 1011 3289; baseline -0.006 -14"><span class='ocrx_word' id='word_1_206' title='bbox 122 3217 226 3277; x_wconf 86' lang='lat' dir='ltr'><strong>Livius</strong></span> <span class='ocrx_word' id='word_1_207' title='bbox 246 3222 378 3275; x_wconf 84' lang='lat' dir='ltr'><strong>veterum</strong></span> <span class='ocrx_word' id='word_1_208' title='bbox 401 3217 511 3274; x_wconf 86' lang='lat' dir='ltr'><strong>Fabius</strong></span> <span class='ocrx_word' id='word_1_209' title='bbox 527 3217 666 3273; x_wconf 86' lang='lat' dir='ltr'><strong>Rusticus</strong></span> <span class='ocrx_word' id='word_1_210' title='bbox 691 3217 851 3273; x_wconf 86' lang='lat' dir='ltr'><strong>recentium</strong></span> <span class='ocrx_word' id='word_1_211' title='bbox 877 3214 1011 3289; x_wconf 91' lang='lat' dir='ltr'><strong>eloquen-</strong></span> 
     </span>
     <span class='ocr_line' id='line_1_31' title="bbox 121 3310 1009 3387; baseline -0.008 -16"><span class='ocrx_word' id='word_1_212' title='bbox 121 3314 228 3373; x_wconf 80' lang='lat' dir='ltr'><strong>tissimi</strong></span> <span class='ocrx_word' id='word_1_213' title='bbox 252 3319 382 3371; x_wconf 88' lang='lat' dir='ltr'><strong>auctores</strong></span> <span class='ocrx_word' id='word_1_214' title='bbox 403 3313 541 3387; x_wconf 88' lang='lat' dir='ltr'><strong>oblongae</strong></span> <span class='ocrx_word' id='word_1_215' title='bbox 568 3312 696 3368; x_wconf 87' lang='lat' dir='ltr'><strong>scutulae</strong></span> <span class='ocrx_word' id='word_1_216' title='bbox 721 3311 769 3367; x_wconf 86' lang='lat' dir='ltr'><strong>vel</strong></span> <span class='ocrx_word' id='word_1_217' title='bbox 795 3310 916 3385; x_wconf 90' lang='lat' dir='ltr'><strong>bipenni</strong></span> <span class='ocrx_word' id='word_1_218' title='bbox 942 3311 1009 3365; x_wconf 86' lang='lat' dir='ltr'><strong>assi-</strong></span> 
     </span>
     <span class='ocr_line' id='line_1_32' title="bbox 122 3405 1010 3476; baseline -0.007 -9"><span class='ocrx_word' id='word_1_219' title='bbox 122 3409 269 3469; x_wconf 84' lang='lat' dir='ltr'><strong>milavere.</strong></span> <span class='ocrx_word' id='word_1_220' title='bbox 313 3407 353 3466; x_wconf 83' lang='lat' dir='ltr'><strong>Ilt</strong></span> <span class='ocrx_word' id='word_1_221' title='bbox 370 3414 414 3465; x_wconf 90' lang='lat' dir='ltr'><strong>est</strong></span> <span class='ocrx_word' id='word_1_222' title='bbox 433 3427 466 3465; x_wconf 90' lang='lat' dir='ltr'><strong>ea</strong></span> <span class='ocrx_word' id='word_1_223' title='bbox 484 3406 570 3463; x_wconf 82' lang='lat' dir='ltr'><strong>facies</strong></span> <span class='ocrx_word' id='word_1_224' title='bbox 589 3408 662 3462; x_wconf 90' lang='lat' dir='ltr'><strong>citra</strong></span> <span class='ocrx_word' id='word_1_225' title='bbox 679 3405 871 3476; x_wconf 78' lang='lat' dir='ltr'><strong>Caledoniam,</strong></span> <span class='ocrx_word' id='word_1_226' title='bbox 888 3405 966 3462; x_wconf 88' lang='lat' dir='ltr'><strong>unde</strong></span> <span class='ocrx_word' id='word_1_227' title='bbox 979 3409 1010 3462; x_wconf 87' lang='lat' dir='ltr'><strong>et</strong></span> 
     </span>
    </p>
   </div>
   <div class='ocr_carea' id='block_1_5' title="bbox 0 0 1108 3682">
    <p class='ocr_par' dir='ltr' id='par_1_8' title="bbox 0 0 1108 3682">
     <span class='ocr_line' id='line_1_33' title="bbox 0 0 1108 3682; baseline 0 4"><span class='ocrx_word' id='word_1_228' title='bbox 0 0 1108 3682; x_wconf 95' lang='lat' dir='ltr'><strong> </strong></span> 
     </span>
    </p>
   </div>
  </div>
 </body>
</html>
