2206 3682
80 178 97 235 s
337 124 540 254 duarum]
566 170 708 230 11111··

80 300 232 361 discrimen
248 278 351 374 capitis
368 299 525 357 intendere.
577 298 673 355 Distir
686 320 693 333 ··
818 317 906 354 rarum
919 315 947 354 11

80 400 192 456 delicto.
240 396 408 470 Proditores
429 401 460 450 et
484 396 648 470 transfugas
723 426 725 431 ·
803 415 826 452 -1
852 413 949 470 suspen·
1000 407 1004 436 l

81 500 163 564 sunt,
179 492 297 567 ignavus
311 498 341 546 et
354 490 485 547 imbelles
504 497 534 548 et
554 508 671 566 corpore
756 518 759 523 ·
796 507 951 546 ¹coenose
1001 530 1004 535 <

84 591 186 659 palude
207 588 354 645 iniecta
346 608 465 664 insuper
492 596 570 646 erate
602 608 712 661 meri
817 580 952 645 )11’1111111
1003 598 1004 604 ’

82 686 216 762 :spplicii
229 684 299 740 111111
312 685 439 758 respicit,
457 667 603 759 tamquam
627 688 734 742 11111111
753 686 869 742 ostendi
888 704 953 760 opor

78 790 152 855 teat,
176 782 247 837 dum
267 781 438 856 puniuntur,
459 781 568 855 flagitia
589 782 732 838 abscondi.
775 781 834 838 Sed
851 788 881 839 et
899 780 969 838 levi

96 879 180 934 ribus
193 876 306 932 delictis
319 895 371 950 pro
386 876 470 931 mode
485 895 596 950 poena,
619 895 760 950 equorum
768 891 955 952 ,pecorumque

84 1025 88 1029 .
107 994 204 1031 umero
223 975 348 1031 convicti
366 974 554 1031 mulctantur.
606 973 679 1029 Pars
697 974 824 1030 mulctae
842 973 903 1048 regi
920 971 955 1028 vel

85 1071 285 1145 Ιῖ1111111111
303 1069 365 1143 ipsi,
388 1068 631 1149 01111111111111,
653 1068 699 1124 vel
718 1069 890 1144 propinquis
909 1068 956 1124 eim

85 1169 251 1227 resolvitur.
293 1167 453 1242 Eliguntur
465 1167 497 1221 in
511 1166 613 1222 iisdem
627 1168 757 1224 conciliis
771 1177 802 1224 et
816 1169 957 1244 principes,

85 1266 135 1325 usi
148 1265 213 1320 iura
226 1283 278 1339 per
291 1279 377 1338 pagos
391 1263 526 1337 vicosque
540 1263 675 1321 reddunt.
701 1257 837 1329 IOenteni
851 1262 960 1339 singulis

135 1358 217 1432 plebe
232 1358 349 1413 comites
363 1356 514 1412 eonsilium
529 1357 615 1412 simul
629 1366 659 1413 et
673 1359 830 1414 auctoritas
844 1343 961 1417 adsuntl

145 1435 242 1511 XIII.
283 1451 370 1507 Nihil
396 1461 495 1509 autern
518 1471 611 1528 neque
635 1455 769 1528 publicae
797 1473 892 1531 neque
914 1454 961 1530 pri·

88 1556 169 1606 ratae
187 1551 230 1606 rei
250 1549 307 1605 nisi
328 1551 434 1606 armati
455 1557 553 1624 agunt.
605 1551 662 1607 Sed
682 1571 764 1609 arma
784 1571 898 1610 sumere
913 1570 962 1609 non
994 1552 997 1561 '

85 1651 154 1702 ante
177 1645 311 1720 cuiquam
333 1645 422 1701 moris
440 1664 528 1721 quam
544 1647 647 1703 civitas
667 1647 859 1706 suffecturum
875 1649 964 1723 proba
983 1694 987 1727 ἶ

86 1741 169 1823 verit.
212 1739 309 1797 Tum
301 1759 333 1796 m
346 1741 410 1816 Ipso
424 1742 544 1892 concilip
558 1741 604 1798 vel
618 1744 783 1819 principum
801 1745 909 1821 aliquis
925 1741 964 1801 vel
982 1730 988 1753 ⁵

86 1934 170 1991 Haeo
191 1935 269 2008 apud
289 1933 354 1990 illos
381 1939 456 2008 toga,
485 1935 534 1991 hic
560 1935 671 2010 primus
697 1937 837 1994 iuventae
864 1939 965 2010 honos;
1002 1924 1004 1993 1

87 2031 221 2088 antehoc
235 2031 417 2106 domuspars
430 2032 577 2100 videntur,
590 2052 660 2089 mox
680 2035 723 2090 rei
743 2037 884 2110 publicae.
926 2037 967 2094 In·
1002 2044 1004 2053 '

86 2131 176 2204 signis
202 2129 340 2186 nobilitas
366 2134 419 2185 aut
444 2149 549 2205 magna
572 2136 687 2205 patrum
710 2133 816 2189 merita
837 2134 968 2210 principis

86 2225 294 2313 digpatiopem
305 2225 395 2281 etiam
418 2224 639 2282 adolescentulis
663 2227 822 2301 assignant.
867 2228 968 2286 (leteris

86 2322 296 2378 robustioribus
309 2340 342 2377 ao
356 2321 540 2399 iampridem
556 2323 685 2396 probatis
705 2331 910 2398 aggregantur,
924 2343 969 2381 nee

86 2418 176 2473 rubor
189 2418 267 2474 inter
281 2418 399 2474 comites
417 2417 515 2492 aspici.
559 2417 674 2475 Gradus
691 2419 765 2493 quin
782 2420 874 2477 etiam
895 2421 970 2478 eomi-

86 2522 167 2572 tatus
180 2516 269 2571 habet
281 2515 389 2572 iudicio
403 2515 472 2583 11111,
492 2534 580 2590 quem
600 2520 757 2586 sectantur,
772 2535 934 2593 magnaque
945 2531 970 2572 et

87 2611 227 2669 comitum
254 2611 418 2681 aemulatio,
444 2612 550 2685 quibus
577 2611 688 2685 primus
715 2611 794 2685 apud
817 2613 976 2688 prinoipem

88 2727 173 2766 suum
201 2707 288 2777 locus,
314 2713 345 2764 et
371 2707 545 2782 principum,
570 2706 619 2763 eui
646 2705 767 2781 plurimi
793 2713 824 2764 et
845 2704 970 2765 acerrimi

87 2807 214 2863 comites.
268 2803 351 2862 Haeo
375 2806 508 2879 dignitus,
533 2804 588 2861 hae
610 2804 687 2860 vires
698 2825 706 2875 3
720 2790 722 2794 Α
737 2824 844 2881 magno
869 2823 971 2882 semper

89 2903 246 2959 electorum
258 2900 398 2958 iuvenum
411 2899 496 2974 globo
510 2900 683 2956 circumdari
696 2900 728 2955 in
746 2919 816 2974 pace
837 2902 931 2972 decus,
944 2901 969 2956 in

88 2999 165 3058 bello
188 2997 374 3075 praesidium.
424 2983 488 3053 Nec
512 2996 605 3053 solum
627 2998 659 3053 in
683 3016 736 3053 sua
757 3004 844 3072 gente
867 3000 968 3074 cuique,

89 3095 140 3151 sed
167 3094 245 3171 apud
272 3092 412 3150 finitimas
439 3112 555 3168 quoque
583 3092 718 3149 civitates
745 3094 768 3150 1(
863 3130 869 3147 1
904 3139 918 3165 .,
943 3111 970 3148 ea

90 3191 182 3264 gloria
208 3198 260 3263 est,
289 3191 457 3248 1111111110
479 3209 511 3246 ac
533 3190 644 3246 virtute
667 3191 772 3247 comita
800 3224 803 3233 ·
862 3214 865 3219 ·
906 3196 971 3249 reat.

91 3287 281 3363 Expetuntur
293 3288 372 3345 enim
385 3287 587 3363 legationibus,
602 3293 632 3344 et
645 3288 774 3346 muneril
792 3332 796 3339 .
850 3338 854 3343 .
910 3297 970 3361 rtur,

91 3389 122 3438 et
134 3385 196 3460 ipsa
208 3383 379 3460 plerumque
392 3383 470 3441 fama
483 3383 559 3441 bella
573 3383 735 3460 profligant
