2206 3682
261 178 461 241 scalocia
491 156 826 243 xxxa-xxxix
947 191 984 249 rr

98 331 175 382 rare,
204 329 313 386 capere,
335 317 423 387 atque
447 311 569 383 eosdem,
598 312 703 370 oblatis
728 313 802 384 eliis,
830 315 983 374 trucidare.

99 411 168 466 lam
191 409 328 480 hostium,
352 417 439 484 prout
459 411 564 484 cuique
587 409 737 485 ingenium
759 415 830 483 erat,
853 419 986 469 catervae

59 578 65 588 ι
98 512 280 564 armatorum
306 505 487 582 paucioribus
513 511 596 581 terga
621 512 774 581 praestare,
801 507 919 583 quidam
942 509 986 564 in-

98 623 194 662 ermes
215 605 294 661 ultro
317 622 401 660 ruere
423 623 510 661 scaese
532 605 622 660 morti
641 605 743 662 offerre
748 624 758 677 3
778 605 884 681 passim
903 624 985 664 arma

97 708 131 757 et
152 717 271 774 corpora
290 704 321 756 et
340 699 427 756 laceri
449 706 531 756 artus
554 705 584 757 et
605 707 725 758 cruenta
746 700 913 773 humusset
933 703 985 760 sli-

98 797 219 874 quando
242 796 331 854 etiarn
354 796 440 853 victis
461 793 505 854 ira
524 798 682 874 virtusque.
724 798 883 877 Postquam
904 802 985 859 silvis

98 895 414 972 appropinquavemnt
430 895 542 952 collecti
556 897 665 971 primos
680 899 871 973 sequentium,
888 899 986 956 incau-

88 1003 146 1052 ¹tos
167 1000 199 1050 et
219 992 378 1050 locorum
369 1011 492 1067 ignaros,
520 992 791 1051 circumveniebant
843 994 929 1064 Quod
951 995 985 1054 ni

97 1090 235 1165 frequens
248 1089 357 1165 ubique
369 1086 507 1163 Agricola
521 1087 632 1144 validas
648 1094 678 1145 et
692 1087 841 1163 expeditas
854 1089 987 1161 cohortes

97 1184 246 1260 indaginis
260 1184 354 1255 modo,
372 1189 411 1255 et,
428 1183 522 1240 sicubi
539 1184 648 1240 artiora
664 1188 755 1255 ersnt,
774 1190 887 1259 partem
906 1167 998 1261 equi!

96 1285 166 1336 tum
181 1278 307 1336 dimissis
323 1277 412 1354 equis,
430 1279 518 1336 simul
535 1278 658 1335 rariores
674 1277 761 1335 silves
779 1279 907 1354 equitem
922 1298 985 1356 per-

97 1358 209 1433 sultare
225 1375 361 1447 iussisset
380 1380 530 1450 acceptum
543 1375 661 1450 aliquod
672 1373 782 1431 vulnus
793 1394 846 1451 per
863 1376 983 1433 nimiam

96 1471 236 1529 fiduciam
252 1472 334 1529 foret
377 1469 513 1528 ueterum
534 1471 586 1528 ubi
608 1470 780 1548 compositos
798 1471 890 1530 firmis
909 1474 984 1531 ordi-

92 1567 186 1624 'nibus
203 1569 286 1644 sequi
301 1585 403 1624 rursus
420 1567 528 1638 videre,
551 1567 585 1624 in
603 1568 710 1642 fugam¹
722 1569 799 1625 versi
818 1586 878 1625 non
895 1570 984 1645 agmi-
1080 1569 1086 1581 '

96 1662 192 1734 nibus,
209 1669 245 1720 ut
264 1658 353 1739 prius,
373 1681 428 1720 nec
445 1663 520 1720 alius
536 1663 627 1720 alium
646 1669 854 1740 respectantem
874 1663 933 1721 rari
953 1671 984 1723 et

97 1759 254 1816 vitabundi
265 1759 390 1816 invicem
402 1759 561 1836 longinqua
573 1765 663 1836 atque
675 1761 741 1817 avia
754 1761 871 1836 petiere.
901 1760 984 1818 Finis

95 1855 239 1932 sequendi
247 1874 308 1912 nox
321 1861 352 1912 et
365 1856 481 1913 satietas
494 1851 557 1913 fuit
592 1856 680 1914 (laesa
693 1858 821 1914 hostium
835 1858 871 1914 sd
885 1857 983 1915 decem

95 1950 180 2008 milia
185 1970 196 2024 3
216 1956 381 2007 nostrorum
401 1952 524 2008 trecenti
543 1952 695 2028 sexaginta
712 1953 844 2026 cecidere,
867 1954 983 2030 inquis

95 2045 197 2103 Aulus
216 2045 336 2103 Atticus
355 2047 508 2123 praefectus
529 2049 662 2121 cohortis,
687 2049 810 2106 iuvenili
830 2051 931 2107 ardore
952 2058 983 2108 et

94 2141 204 2200 ferocia
216 2142 285 2218 equi
297 2141 428 2200 hostibus
440 2144 547 2201 illatus.

157 2233 348 2294 XXXVIII.
390 2236 431 2295 Et
457 2257 518 2295 nox
543 2237 662 2314 quidem
690 2239 795 2315 gaudio
820 2240 982 2317 praedaque

94 2331 175 2389 laeta
187 2333 352 2390 victoribus
394 2333 532 2390 Britanni
543 2334 675 2410 palantes
687 2335 839 2412 mixtoque
852 2335 982 2394 virorum

94 2429 309 2506 mulierumque
329 2429 446 2506 ploratu
465 2430 582 2487 trahere
607 2429 782 2504 vulneratos,
809 2450 913 2488 vocare
939 2432 982 2488 in-

94 2535 201 2604 tegros,
223 2527 352 2586 deserere
372 2528 472 2585 domos
493 2547 527 2584 ao
545 2527 692 2604 perirem
712 2509 790 2586 ultio
813 2528 965 2585 incendere
971 2548 980 2600 ;

94 2624 203 2700 eligere
220 2623 345 2682 latebras
360 2629 391 2681 et
407 2624 507 2681 statim
526 2607 697 2699 relinquere,
718 2625 837 2681 miscere
855 2624 982 2681 invicem

94 2719 217 2776 consilia
246 2719 352 2795 aliqua,
386 2718 490 2775 deinde
522 2737 661 2796 separare,
696 2718 853 2795 aliquando
886 2719 982 2794 frangi

94 2820 215 2892 aspectu
232 2815 385 2892 pignorum
401 2834 528 2886 suorum,
549 2815 662 2891 saepius
682 2816 819 2872 concitari
824 2835 833 2888 3
854 2817 981 2892 satisque

94 2913 247 2971 constabat
272 2913 396 2969 saevisse
422 2914 561 2989 quosdam
587 2914 620 2970 in
646 2914 780 2988 coniuges
807 2932 840 2970 ac
865 2913 978 2983 liberos,

96 3017 246 3086 tamquam
259 3009 471 3067 misererentur.
494 3009 650 3067 Proximus
659 3010 720 3067 dies
733 3011 834 3068 faciem
842 3010 981 3067 victoriae

94 3107 185 3164 latius
197 3106 324 3182 aperuit3
343 3112 459 3165 vastum
473 3107 581 3182 ubique
595 3107 751 3179 silentium,
767 3089 869 3165 secreti
885 3106 978 3178 colles,

94 3204 241 3262 fumantia
266 3203 365 3279 procul
391 3208 475 3275 tecta,
502 3222 588 3261 nemo
611 3204 842 3282 exploratoribus
868 3205 977 3264 obvius

95 3301 210 3372 Quibus
227 3300 260 3357 iu
275 3319 391 3358 omnem
409 3308 522 3378 partem
542 3301 674 3373 dimissis,
695 3303 747 3358 ubi
766 3301 878 3360 incerta
896 3303 980 3380 fugae
1090 3368 1093 3375 ¹

96 3401 219 3478 vestigia
237 3417 332 3476 neque
352 3418 475 3476 usquam
491 3399 657 3474 conglobari
675 3400 773 3458 hostes
792 3407 979 3480 compertum,
