2206 3682
1 200 3 203 ·
81 168 120 226 24
338 165 541 227 comm
566 165 712 226 raom

1009 124 1013 131 .

997 224 1000 233 ι

81 295 265 355 Britanniam
280 296 398 356 vicistis
441 297 498 354 Tot
515 297 755 373 expeditionibus,
776 301 822 354 tot
842 298 966 374 procliis
1011 264 1013 322 ἶ

80 415 131 453 seu
144 393 317 452 fortitudine
330 392 467 450 adversus
483 395 580 452 hostes
595 413 646 451 seu
662 394 804 470 patientia
820 414 854 452 ac
871 395 967 455 labore

79 510 172 568 paene
185 491 322 547 adversus
335 489 428 564 ipsam
440 509 538 547 rerum
553 497 689 552 naturam
702 509 774 568 opus
789 491 855 563 fuit,
874 511 967 569 neque

79 608 126 648 me
139 588 269 645 militum
284 605 378 662 neque
394 605 446 644 vos
462 587 543 644 ducis
560 587 712 663 poenituit
755 587 836 662 Ergo
855 590 966 664 egressi,

80 708 132 764 ego
151 691 284 742 veterum
303 683 471 758 legatorum,
492 701 544 740 ros
563 683 693 760 priorum
711 684 895 741 exercituum
914 690 969 742 ter-

80 785 182 852 minos,
205 779 294 836 finem
315 777 486 835 Britanniae
512 798 573 836 non
593 779 670 836 fama
692 797 745 836 nec
771 798 895 853 rumore,
920 781 969 840 sed

80 883 181 941 castris
199 885 230 938 et
244 877 332 937 armis
349 881 491 935 tenemus.
531 878 658 935 Inventa
678 877 833 935 Britannia
852 884 884 936 et
904 881 983 937 sut>¹

80 985 152 1038 acta
194 977 338 1058 Equidem
363 997 447 1054 saepe
467 977 500 1033 in
523 975 644 1052 agmine,
666 995 757 1052 quum
776 995 829 1034 vos
848 977 970 1052 paludes

80 1083 230 1137 montesve
256 1085 287 1137 et
311 1077 434 1136 fiumina
459 1073 623 1149 fatigarent,
651 1073 802 1130 fortissimi
829 1074 969 1150 ouirrsque

80 1191 166 1231 voces
177 1174 344 1232 audiebam:
366 1171 481 1250 quaudo
496 1169 613 1226 dabitur
628 1167 727 1239 hostis,
742 1169 859 1245 quando
874 1172 965 1228 aciest

80 1269 224 1342 Veniunt,
242 1290 258 1328 e
278 1270 399 1327 latebris
416 1268 477 1325 suis
497 1265 616 1337 extmsi,
636 1271 667 1322 et
683 1270 752 1322 vota
768 1267 920 1343 virtusque
938 1269 968 1324 in

80 1373 188 1443 aperto,
202 1369 356 1444 omniaque
369 1385 462 1443 prona
476 1363 643 1430 victoribus,
660 1367 748 1439 atque
764 1363 866 1420 eadem
884 1363 969 1421 victis

80 1463 207 1520 adversa
249 1463 328 1520 Nam
351 1468 388 1520 ut
413 1479 560 1537 superasse
586 1463 704 1516 tantum
730 1458 851 1530 itineris,
883 1459 969 1517 silvas

81 1559 212 1629 evasisse,
235 1557 371 1615 transisse
389 1557 534 1614 aestuaria
552 1554 707 1631 pulchrum
729 1573 763 1612 ac
780 1545 918 1613 decorum
938 1557 969 1613 in

81 1653 215 1725 frontem,
239 1655 283 1712 ita
306 1654 485 1729 fugientibus
508 1652 757 1728 periculosissima,
781 1670 857 1728 quae
883 1652 969 1710 hodie

80 1751 273 1825 prosperrima
296 1757 372 1807 sunt.
415 1749 520 1824 Neque
547 1749 625 1805 enim
651 1749 735 1805 nobis
760 1754 813 1806 aut
839 1748 969 1808 locorum

81 1846 181 1904 eadem
207 1848 312 1904 notitia
338 1851 390 1905 aut
416 1853 629 1919 commeatuum
654 1846 755 1904 eadem
781 1846 968 1919 abundantia,

81 1926 132 1998 sed
154 1961 257 2000 manus
280 1947 311 2000 et
332 1962 420 2015 arma,
444 1947 475 1998 et
494 1943 526 1998 in
545 1942 592 1998 his
612 1941 715 1999 omnia
758 1939 844 2010 Quod
864 1942 903 1999 ad
924 1961 969 1998 me

81 2039 197 2110 attinet,
211 2038 270 2096 iam
283 2039 396 2116 pridem
409 2037 482 2095 mihi
495 2038 642 2095 decretum
657 2042 702 2094 est
714 2055 808 2112 neque
824 2038 970 2094 exercitus

82 2155 175 2212 neque
189 2136 270 2195 ducis
282 2143 365 2213 terga
377 2142 443 2194 tuta
456 2155 522 2194 esse.
564 2134 692 2192 Proinde
709 2138 739 2191 et
754 2133 877 2192 honesta
894 2153 970 2191 mors

82 2234 163 2309 turpi
177 2235 241 2292 vita
256 2235 360 2310 potior,
378 2238 407 2290 et
422 2231 607 2289 incolumitas
627 2248 660 2287 ac
680 2229 767 2286 decus
787 2229 889 2285 codem
908 2229 970 2286 loco

81 2329 139 2384 sita
165 2334 250 2401 sunt;
270 2348 323 2386 nec
347 2328 503 2403 inglorium
526 2327 615 2384 fuerit
633 2326 667 2383 in
685 2326 751 2402 ipso
771 2331 918 2384 terrarum
937 2345 971 2384 ao

82 2429 203 2480 naturae
216 2424 274 2480 fine
288 2425 428 2483 cecidisse.

141 2517 296 2578 XXXIV.
339 2519 475 2576 sinevae
488 2525 588 2594 gentes
602 2523 690 2594 atque
702 2518 803 2594 ignota
816 2518 893 2578 acies
906 2540 970 2578 con-

82 2613 211 2683 stitisset,
236 2614 359 2670 aliorum
380 2615 562 2672 exercituum
585 2615 726 2691 exemplis
748 2633 800 2672 vos
820 2614 970 2690 hortantem
1004 2613 1007 2619 ’

83 2727 160 2764 nuno
171 2717 268 2766 vestra
277 2710 379 2767 decora
388 2717 540 2781 recensete,
552 2716 663 2768 vestros
673 2710 770 2768 oculos
780 2711 968 2788 interrogate.

83 2804 129 2860 Hi
155 2810 232 2878 sunt,
257 2825 330 2882 quos
352 2807 487 2883 proximo
512 2826 589 2864 anno
610 2825 700 2864 unam
723 2805 868 2882 legionem
891 2808 972 2866 furto

83 2900 176 2958 noctis
202 2921 347 2978 aggressos
376 2903 500 2960 clamore
530 2903 710 2977 debellastis3
743 2903 777 2961 hi
808 2913 971 2963 ceterorum

84 2998 293 3056 Britannorum
305 3000 488 3076 fugacissimi,
505 3000 627 3077 ideoque
644 3006 706 3057 tam
722 3000 774 3058 diu
790 3001 969 3076 superstites

84 3093 234 3163 Quomodo
256 3095 342 3152 silvas
365 3096 512 3173 saltusque
535 3079 757 3173 penetrantibus
779 3097 970 3155 fortissimum

84 3191 218 3268 quodque
235 3192 344 3249 animal
360 3198 460 3249 contra
477 3193 716 3268 ruere-pavide
732 3199 762 3250 et
781 3193 890 3251 inertia
909 3195 970 3271 ipso

83 3288 207 3362 agminis
234 3307 304 3347 sono
332 3288 577 3365 pelluntur,—sic
601 3288 735 3346 acerrimi
761 3290 970 3348 Britannorum

84 3385 263 3461 iampridem
277 3385 451 3459 ceciderunt,
461 3385 591 3462 reliquus
599 3392 643 3444 est
651 3404 789 3444 numerus
798 3386 972 3464 ignavorum
