2212 3682
104 191 143 248 22
360 190 564 252 CORNELII
588 190 734 252 from

103 337 281 395 quamquam
312 319 347 375 in
376 337 530 377 eommune
559 319 651 377 Suevi
678 325 828 377 vooentur.
871 319 986 396 Insigne

103 417 199 492 gentis
224 415 375 492 obliquare
400 417 512 472 crinem
536 418 671 493 nodoque
696 417 903 492 substringere
944 417 987 473 Sic

104 512 194 569 suevi
219 532 238 569 a
264 511 367 569 ceteris
393 511 555 583 Germanis,
583 513 625 569 sie
646 511 811 570 Suevorum
832 513 988 588 ingenuis

103 609 194 665 servis
213 613 391 682 separantur.
434 607 474 664 Iu
492 608 559 664 aliis
573 608 716 683 gentibus
737 605 800 683 (seu
820 608 988 682 cognatione

103 703 201 779 aliqua
215 702 386 772 Suevomm,
402 722 463 775 seu,
482 703 561 779 quod
576 723 660 779 saepe
672 703 787 775 accidit,
802 703 987 781 imitatione)

102 820 202 857 rarum
223 806 253 857 et
268 800 349 856 intra
366 801 504 857 iuventae
522 800 658 875 spatium,
672 799 752 874 apud
770 799 883 875 Suevos
901 820 989 877 usque

103 894 142 951 ad
160 895 298 951 esnitiem
318 894 487 951 horrentem
507 893 646 968 eupillum
664 898 744 949 retro
764 899 939 968 sequuntur,
958 913 989 951 ae

103 1010 188 1067 saepe
220 992 253 1047 in
284 993 348 1068 ipso
381 992 442 1048 solo
470 992 580 1048 vertiee
606 991 738 1066 religant.
781 989 938 1068 Principes
962 1000 990 1050 et

103 1089 279 1146 ornatiorem
302 1089 419 1147 habent
461 1088 507 1146 Ee
529 1107 600 1145 eura
621 1089 739 1159 formae,
764 1088 815 1145 sed
838 1090 989 1156 innoxiam

103 1203 197 1260 neque
221 1185 299 1242 enim
325 1191 360 1241 ut
392 1190 492 1242 ament
520 1184 773 1256 amenturve‚—in
802 1185 990 1243 altitudinem

102 1282 248 1355 quandam
266 1288 297 1337 et
313 1288 454 1338 terrorem
467 1281 577 1338 adituri
590 1281 667 1337 bella
679 1282 796 1357 oompti,
812 1290 847 1339 ut
860 1283 990 1340 hostium

102 1376 203 1442 oculis,
217 1383 367 1433 ornantur.

162 1471 318 1551 XXXIX
348 1471 570 1530 Vetustissimos
581 1492 612 1530 se
621 1472 874 1551 nobilissimosque
885 1476 990 1534 Suevo

102 1587 168 1624 rum
183 1569 339 1625 Semnones
352 1578 521 1628 memorant
552 1570 639 1628 Fides
651 1566 838 1646 antiquitatis
850 1573 990 1649 religione

102 1665 243 1722 firmatur.
286 1663 370 1721 Stato
382 1670 511 1741 tempore
524 1666 557 1722 in
569 1666 673 1723 silvam
685 1668 815 1741 auguriis
828 1674 948 1742 patrum
962 1675 991 1725 et

102 1763 196 1838 prisca
203 1761 356 1818 formidine
364 1781 474 1818 sacram
482 1781 582 1820 omnes
591 1763 718 1820 eiusdem
729 1766 883 1838 sanguinis
892 1767 989 1842 populi

102 1856 293 1932 legationibus
306 1864 417 1928 ooeunt
433 1878 572 1934 caesoque
584 1859 697 1934 publioe
710 1860 827 1917 homine
842 1862 991 1919 celebrant

102 1951 219 2008 barbari
239 1952 314 2008 ritus
336 1952 481 2009 horrenda
502 1953 668 2029 primordia.
711 1953 767 2011 Fst
789 1961 820 2011 et
842 1955 904 2014 alia
926 1957 990 2014 luoo

102 2048 279 2120 reverentia3
302 2069 386 2106 nemo
408 2049 467 2105 nisi
489 2050 606 2106 vinculo
626 2048 734 2126 ligatus
757 2050 931 2126 ingreditur,
956 2058 991 2109 ut

102 2145 197 2201 minor
213 2149 244 2201 et
260 2150 434 2220 potestatem
449 2145 579 2202 numinis
594 2165 664 2221 prae
679 2165 709 2203 se
722 2146 824 2206 ferens.
869 2147 903 2204 Si
916 2149 989 2205 forte

102 2240 252 2316 prolapsus
274 2247 326 2313 est,
347 2242 444 2299 attolli
464 2248 495 2299 et
513 2244 662 2318 insurgere
681 2242 760 2301 haud
782 2243 915 2319 licitum;
939 2262 989 2322 per

101 2335 222 2392 humum
237 2336 421 2398 evolvuntur.
461 2338 561 2415 quue
575 2340 668 2397 omnis
680 2340 848 2415 superstitio
862 2343 987 2417 respicit,

101 2439 252 2506 tamquam
266 2432 334 2490 inde
347 2435 434 2490 initia
446 2437 549 2510 gentis,
561 2435 604 2493 ibi
616 2440 753 2510 regnator
762 2436 896 2493 omnium
910 2437 986 2507 deus,

101 2532 196 2584 uetera
203 2530 331 2586 subiecta
341 2536 430 2606 atque
437 2532 577 2607 parentia
597 2532 986 2590 Adiioitauetoritatemfor·

10 2637 12 2642 ’
100 2629 175 2679 tuna
188 2623 380 2696 Semnonum
397 2632 516 2683 eentum
534 2627 602 2703 pagi
621 2628 658 2684 iis
670 2627 850 2696 habitantur,
872 2646 986 2704 magno-

101 2739 158 2796 que
171 2739 289 2795 oorpore
302 2721 431 2793 efficitur,
446 2726 482 2778 ut
494 2741 524 2779 se
538 2722 699 2780 Suevorum
712 2727 801 2798 eaput
813 2723 942 2781 credant

160 2816 227 2875 XL.
270 2816 379 2874 Contra
419 2818 623 2894 Longobardos
662 2820 792 2894 paucitas
833 2820 984 2889 nobilitut3

100 2913 236 2989 plurimis
261 2931 295 2970 ao
317 2913 524 2971 valentissimis
549 2915 717 2971 nationibus
742 2915 831 2972 cincti
854 2935 916 2972 non
936 2933 985 2992 per
1023 2936 1032 2985 '.

101 3012 279 3087 obsequium,
314 3012 365 3068 sed
394 3012 513 3087 proeliis
541 3018 572 3069 et
602 3011 793 3088 periclitando
822 3013 884 3071 tuti
911 3017 981 3071 sunt

101 3105 249 3182 Reudigni
276 3107 380 3165 deinde
406 3113 437 3164 et
458 3108 589 3165 Aviones
612 3115 643 3165 et
663 3107 758 3185 Angli
779 3113 811 3166 et
829 3109 939 3168 Varini
958 3113 984 3165 et

101 3201 229 3260 Eudoses
254 3209 285 3261 et
311 3203 475 3261 Suardones
502 3210 532 3261 et
555 3204 722 3262 Nuithones
742 3205 916 3264 fluminibus
937 3209 984 3263 aut

92 3298 178 3358 silvis
190 3300 377 3360 muniuntur.
418 3300 485 3358 Nee
497 3301 653 3377 quiequam
664 3301 793 3358 notabile
806 3300 838 3358 in
856 3301 982 3378 singulis,

79 3397 144 3458 111'81'
158 3401 244 3481 quod
254 3402 288 3461 in
297 3394 677 3466 eommunellerthum,id
684 3393 984 3450 est'lemummatuem
