2206 3682
58 763 148 824 I'atle
166 763 347 841 ofPaasaqes
363 765 398 824 irs
414 764 507 824 which
524 765 568 824 aa
583 765 654 824 Μ
673 763 771 840 ostiis
783 765 907 824 adeon
919 763 957 841 os

194 867 239 926 tte
253 866 389 944 Apo-scola
401 868 590 945 differsfrom
603 868 665 927 star
677 867 715 944 os
723 867 820 928 Orelli.

169 1195 173 1202 ,
252 1143 357 1195 Onam.
675 1144 824 1193 G.rrrnB.

57 1257 104 1307 Oh.
124 1255 177 1307 IV.
211 1256 345 1306 Caesarum
407 1281 410 1286 ·
556 1257 667 1307 Caesaris

208 1336 376 1400 pater[Julii]
551 1342 622 1401 pater
632 1337 680 1385 fuit

134 1416 170 1468 V.
208 1418 363 1466 exercitatior
556 1417 686 1466 excitatior

131 1499 169 1548 X.
207 1498 275 1548 unde
291 1504 318 1547 et
334 1498 453 1548 unIversis
468 1497 536 1547 sama
556 1498 621 1546 unde
640 1503 665 1546 et
681 1497 708 1546 in
725 1497 865 1545 universum
884 1495 951 1544 fama

236 1583 275 1629 est
283 1583 436 1643 transgressa
587 1583 625 1627 est
635 1583 788 1641 transgressa

210 1659 313 1723 quam†
322 1659 440 1708 hactenus
446 1657 543 1723 jussum
558 1659 737 1723 quiahactsnus
740 1657 838 1721 jussum
845 1655 950 1706 ethiems

235 1744 262 1788 et
277 1739 355 1789 hiems
370 1740 478 1790 abdebat
588 1740 721 1805 appetebat

125 1820 176 1870 XI.
208 1819 333 1869 habitasse
556 1837 687 1885 occupasse

210 1901 367 1965 persuasione
554 1902 731 1966 persuasiones·

103 1980 187 2031 XIII.
206 1983 228 2040 †
239 1981 386 2030 auctoritate
396 1982 476 2045 operis
553 1988 640 2031 auctor
649 1981 732 2031 iterati
742 1982 821 2044 operta

113 2059 177 2110 XV.
207 2075 296 2109 manns
555 2075 656 2109 manum

79 2141 192 2192 XVIII.
209 2142 241 2191 ad
251 2142 402 2192 occasionem
411 2145 540 2190 uterentur
554 2143 587 2190 ad
597 2141 749 2194 occasionem
758 2151 915 2196 verterentur

97 2223 179 2273 XIX
212 2225 306 2273 nescire
555 2224 632 2272 ascire

109 2304 175 2354 XX.
211 2308 284 2353 tanta
556 2309 583 2352 et
592 2308 665 2355 tanta

101 2383 180 2434 XXI.
210 2384 312 2434 inbelle
557 2384 620 2433 ballo

91 2463 191 2516 XXII·
212 2464 336 2513 adenm
557 2463 713 2514 ad'I'anaurn

211 2544 273 2592 nihil
283 2545 407 2606 superest3
417 2545 538 2591 secretum
553 2543 614 2591 nihil
633 2547 744 2606 superest
759 2547 887 2603 secretum,
906 2547 935 2591 ut

238 2629 264 2673 et
279 2624 404 2673 silentium
419 2624 472 2688 ejus
487 2640 538 2674 non
586 2625 712 2674 silentium
722 2625 776 2689 ejus
786 2640 837 2674 non
848 2625 946 2674 timeres

239 2705 338 2754 timeres

93 2787 185 2837 XXV.
212 2801 368 2862 oppugnasse
555 2802 699 2852 oppugnare

71 2865 195 2926 xxvss.
215 2863 331 2912 Britanni
348 2866 369 2925 †
386 2880 436 2912 non
447 2864 540 2914 virtuts
556 2865 672 2914 Britanni
686 2880 736 2913 non
750 2863 843 2912 virtute
858 2862 900 2911 sed
911 2878 949 2910 oc·

245 2944 289 2992 sed
304 2945 432 2993 owasione
447 2951 472 2994 et
488 2950 542 2994 arte
590 2945 687 2994 cesione
697 2950 724 2993 et
731 2949 785 2992 arte
792 2943 860 2991 ducis
871 2943 950 2991 elusos

244 3025 313 3074 ducis
324 3025 373 3074 rati
588 3025 637 3074 rati

62 3105 198 3156 XXVIII.
212 3119 271 3154 mcx
282 3104 315 3153 ed
326 3120 416 3168 aquam
427 3109 540 3169 atqueut
563 3121 621 3154 mox
632 3105 664 3154 ad
679 3119 770 3168 aquam
789 3107 863 3165 atque
879 3101 951 3167 utilia

243 3184 287 3234 illa
300 3186 379 3249 raptis
396 3201 480 3236 secum
495 3187 546 3251 ple·
594 3186 717 3253 rapientes
728 3184 921 3249 completisque

239 3281 322 3330 nsque
