2206 3682
90 177 130 234 28
351 168 555 238 'CORNELII
580 178 721 239 raom
793 261 795 265 ¹

90 313 122 365 et
135 313 236 365 exacta
253 308 312 366 iam
326 313 435 366 aestate
452 308 549 384 spargi
563 307 673 366 bellum
688 311 835 386 nequibat,
851 313 884 368 in
901 313 976 386 fines·
1004 281 1007 286 Ι

90 403 278 461 Borestorum
303 404 463 462 exercitum
486 404 609 463 deducit.
636 392 700 461 *Ibi
722 409 846 483 acceptis
870 409 973 466 obsidi-

89 497 152 570 bus
179 499 323 575 praefecto
350 498 448 557 classis
474 498 651 556 circumvehi
680 499 865 559 Britanniam
893 523 973 579 prae

88 593 167 669 cipit
209 594 303 651 Datae
316 595 353 650 ad
366 594 397 651 id
410 595 493 665 vires,
508 600 539 651 et
553 602 746 670 praecesserat
760 603 862 658 terror.
905 601 972 676 Ipse

88 689 216 764 peditem
242 693 330 764 atque
356 684 467 765 e'quites
494 690 573 747 lento
600 691 711 764 itinere,
741 712 799 768 quo
827 713 972 753 novarum

87 787 219 860 gentium
245 787 337 844 animi
361 787 424 863 ipsa
449 787 590 845 transitus
615 807 696 844 mora
722 794 911 862 terrerentur,
940 794 972 849 in

87 877 216 937 bibernis
235 881 341 938 locavit
346 901 356 953 3
379 888 409 939 ct
428 882 515 939 simul
535 883 631 940 classis
652 884 777 940 secunda
799 889 972 962 tempestato

86 993 120 1032 ac
146 975 224 1033 fama
250 977 453 1035 Trutulenscm
474 984 592 1054 portum
611 980 716 1051 tenuit,
736 980 815 1036 unde
836 984 971 1057 proximo

87 1070 257 1130 Britanniae
269 1071 359 1130 latere
372 1073 447 1130 lecto
460 1073 540 1130 omni
551 1073 683 1130 redierat.

82 1219 83 1222 ,
144 1168 302 1228 XXXIX.
344 1170 435 1227 Hunc
447 1189 544 1228 rarum
558 1189 680 1242 crucum,
694 1190 871 1248 quamquam
887 1175 970 1232 nulla

85 1265 239 1322 verborum
267 1265 405 1322 iactantia
431 1266 560 1342 epistolis
587 1267 742 1342 Agricolae
771 1274 899 1341 auctum,
935 1276 970 1328 ut

85 1361 257 1419 Domitiano
279 1362 366 1420 moris
387 1368 458 1435 erat,
479 1363 575 1421 tbonte
596 1362 698 1434 lactus,
723 1369 837 1440 pectore
860 1367 968 1424 anxius

85 1461 207 1534 excepit.
240 1458 341 1517 Inerat
355 1459 527 1517 conscientia
540 1459 649 1517 dariam
658 1460 746 1517 fuisse
756 1479 850 1536 nuper
862 1462 967 1520 falsum

85 1575 101 1612 e
113 1555 268 1612 Germania
277 1555 467 1632 triumphum,
479 1557 584 1632 emptis
593 1575 645 1632 per
655 1557 832 1624 commercia,
841 1568 967 1633 quorum

84 1651 201 1710 habitus
215 1657 244 1709 et
260 1651 353 1709 crines
368 1653 400 1709 in
417 1652 596 1729 captivorum
614 1653 737 1729 speciem
755 1654 952 1713 formarentur
957 1677 966 1729 ;

83 1752 116 1803 at
141 1765 219 1810 nunc
245 1737 347 1804 veram
370 1766 561 1823 magnamque
589 1748 742 1805 victoriam
770 1754 817 1806 tot
847 1751 966 1808 milibus

83 1843 210 1900 hostium
224 1844 311 1900 caesis
324 1843 436 1919 ingenti
449 1845 526 1902 fama
539 1843 683 1901 celebrari
718 1843 756 1900 Id
769 1843 825 1900 sibi
837 1845 967 1902 maxime

83 1939 306 2011 formidolosum,
322 1941 432 2016 privati
449 1939 573 1996 hominis
593 1958 699 1996 nomen
719 1957 806 2015 supra
825 1940 966 2017 principis

82 2036 179 2092 attolli
184 2056 193 2108 3
215 2035 323 2093 frustra
345 2035 442 2092 studia
464 2035 521 2093 fori
542 2042 574 2092 et
595 2035 726 2092 civilium
748 2019 856 2092 artiuln
878 2036 965 2095 decus

81 2128 114 2184 in
128 2128 276 2186 silentium
289 2135 361 2200 acta,
370 2129 396 2185 si
408 2129 564 2184 militarem
572 2127 694 2203 gloriam
706 2127 781 2183 alius
794 2141 949 2204 occuparet
954 2147 964 2201 ;

82 2228 113 2279 et
138 2229 233 2281 cetera
259 2229 416 2300 utcumque
441 2223 555 2281 facilius
581 2222 764 2292 dissimulari,
789 2221 872 2279 ducis
895 2223 964 2280 boni

80 2317 295 2394 imperatoriam
310 2321 452 2376 virtutem
468 2337 534 2376 esse.
575 2318 693 2374 Talibus
712 2317 789 2374 curis
808 2317 962 2390 exercitus,

80 2418 215 2492 quodque
228 2436 329 2474 saevae
342 2417 525 2492 cogitationis
537 2415 676 2472 indicium
691 2419 761 2485 erat,
783 2419 893 2472 secreto
911 2433 963 2473 suo

80 2513 209 2583 satiatus,
219 2512 362 2587 optimum
377 2513 408 2568 in
418 2509 579 2588 praesentia
590 2509 694 2566 statuit
704 2527 842 2583 reponere
852 2509 961 2580 odium,

80 2607 170 2664 donec
189 2609 315 2684 impetus
334 2609 427 2665 famae
447 2612 477 2664 et
494 2607 576 2663 favor
594 2605 737 2661 exercitus
753 2603 958 2678 languesceret

80 2699 159 2759 Nam
172 2704 324 2759 etiamtum
337 2702 475 2778 Agricola
489 2701 672 2758 Britanniam
685 2698 843 2781 obtinebat

79 2878 246 2921 xn—xnvu
278 2877 341 2921 an.
366 2862 517 2921 84.-Δ.]).
543 2861 588 2918 93.
631 2859 731 2917 Recoll
755 2857 793 2933 cf
811 2859 834 2914 Α
840 2857 958 2934 pricolc.

117 2950 177 3007 His
203 2950 265 3007 colel
292 2949 432 3024 acceptiora
460 2949 495 3022 by
522 2949 565 3006 tbc
595 2945 744 3022 Empcrcr.
786 2945 845 3003 His
872 2967 960 3021 proce

117 3038 170 3112 inp
194 3037 365 3113 popularity
393 3036 455 3094 aad
481 3044 647 3110 corwcqucut
674 3033 784 3108 damper
800 3034 887 3106 from
917 3035 960 3091 tlte

117 3123 279 3200 Emperor-'a
296 3123 439 3200 jcalouog.
483 3121 530 3179 Hc
556 3122 677 3179 declinas
703 3141 723 3178 a
747 3119 956 3180 Prococwaletc.

117 3209 176 3267 His
189 3212 289 3280 dcctb·
307 3211 345 3268 c'ts
357 3209 516 3284 empiricos
529 3208 761 3273 circumstances,¹
781 3206 848 3281 wbg
860 3226 959 3282 oppor-

117 3304 184 3352 tuna
208 3298 269 3355 osmi
289 3307 317 3356 to
340 3297 369 3355 bc
390 3294 508 3355 dccircd.
551 3293 730 3369 Concludicaq
751 3291 901 3368 reflectas
922 3312 960 3352 ort

116 3383 256 3457 Agricol.
406 3403 408 3407 ’
836 3389 839 3396 ’
