2206 3682
82 169 118 228 12
311 177 313 181 ‘
339 166 542 227 CORNELII
568 166 710 228 raclr'l

80 296 239 372 relegatum
261 295 292 351 in
315 295 373 352 alia
396 295 491 352 insula
515 296 676 353 exercitum
699 296 883 354 detinerent:
912 298 972 354 iam

80 391 165 468 ipsos,
197 391 275 466 quod
304 391 504 447 difficillimum
534 392 630 463 fuerit,
668 391 834 450 deliberare.
877 391 974 451 Porro

80 489 112 544 in
144 486 284 544 eiusmodi
315 486 442 542 consiliis
474 486 663 562 periculosius
695 505 757 544 esse
790 488 972 565 deprehendi

80 603 168 660 quam
182 584 295 641 audere

140 679 231 737 XVI
272 661 332 736 His
351 684 439 754 atque
459 679 595 736 talibus
586 680 712 737 mvicem
729 680 870 754 instincti,
893 681 973 738 Bou-

82 776 169 848 dicca,
186 776 300 851 generis
319 776 392 850 regii
412 775 526 848 femina,
549 776 621 832 duee
642 776 747 853 (neque
768 778 846 834 enim
866 797 973 834 sexum

82 873 114 929 in
140 871 268 946 imperiis
295 868 474 947 discernunt)
506 890 653 947 sumpsere
683 873 814 930 universi
842 874 972 948 bellum;

82 988 115 1024 ac
138 986 250 1043 sparsos
265 986 318 1042 per
337 967 454 1024 castella
473 969 582 1024 milites
603 970 768 1040 consectati,
794 972 974 1046 expugnatis

82 1063 231 1138 praesidiis
244 1064 337 1138 ipsam
351 1061 492 1118 coloniam
505 1063 636 1119 invasere
650 1072 685 1119 ut
699 1064 797 1120 sedem
809 1065 972 1122 servitutis

82 1159 114 1214 N
115 1178 147 1215 ec
169 1159 263 1215 ullum
284 1159 318 1214 in
338 1157 468 1215 barbaris
489 1159 626 1230 saevitiae
646 1178 738 1234 genus
760 1161 857 1217 omisit
874 1147 921 1217 ira
942 1168 975 1218 et

83 1255 211 1311 victoria.
254 1252 339 1324 Quod
352 1255 410 1310 nisi
422 1252 566 1311 Paulinus
579 1256 694 1330 cognito
706 1257 872 1331 provinciae
887 1263 975 1315 motu

83 1370 203 1426 propere
231 1351 420 1423 subvenisset,
449 1351 553 1408 amissa
580 1351 735 1408 Britannia
761 1353 837 1409 foret
843 1372 852 1425 3
882 1372 975 1429 quam

83 1449 171 1504 unius
184 1447 286 1522 proelii
298 1447 414 1503 fortuna
428 1448 522 1504 veteri
532 1448 691 1522 patientiae
707 1450 844 1519 restituit,
858 1448 976 1526 (tenen-

83 1545 162 1600 tibus
185 1561 265 1598 arma
288 1541 440 1617 plerisque,
461 1561 533 1617 quos
554 1542 730 1598 conscientia
750 1543 922 1600 defectionis
943 1550 976 1601 et

83 1641 202 1716 propius
233 1656 270 1696 ex
300 1639 393 1716 legato
420 1640 510 1696 timor
540 1637 691 1714 agitabat),
729 1639 763 1695 ni
792 1659 973 1715 quamquam

84 1737 215 1812 egregius
242 1742 338 1793 cetera
368 1744 538 1811 arroganter
564 1737 597 1792 in
624 1736 744 1808 deditos,
774 1743 812 1807 et,
840 1743 874 1793 ut
903 1757 976 1795 suae

84 1833 223 1908 cuiusque
249 1833 372 1889 iniuriae
402 1833 489 1902 ultor,
520 1833 620 1890 durius
649 1833 820 1890 consuleret
862 1833 977 1891 Missus

84 1930 176 2005 igitur
205 1929 362 1986 Petronius
391 1929 578 2004 Turpilianus
612 1937 762 2004 tamquam
798 1930 978 1986 exorabilior

85 2032 115 2083 et
135 2026 248 2082 delictis
268 2025 398 2082 hostium
418 2043 512 2081 novus
534 2044 624 2101 eoque
647 2025 842 2100 poenitentiae
860 2024 972 2096 mitior,

85 2122 250 2196 compositis
284 2123 429 2197 prioribus
468 2120 542 2177 nihil
582 2122 661 2178 ultra
701 2140 788 2178 ausus
828 2120 978 2177 Trebellio

86 2217 218 2274 Maximo
241 2219 421 2294 provinciam
443 2219 571 2277 tradidit.
615 2219 776 2275 Trebellius
799 2218 917 2294 segnior
944 2225 978 2276 et

85 2315 174 2372 nullis
185 2321 344 2372 castrorum
353 2315 558 2391 experimentis
568 2316 704 2372 comitate
714 2316 841 2390 quadam
851 2316 978 2374 curandi

86 2412 263 2487 provinciam
291 2413 396 2471 tenuit
438 2412 620 2470 Didicsre
612 2432 672 2470 ram
702 2413 823 2470 barbari
856 2434 978 2491 quoque

86 2509 233 2581 ignoscere
248 2506 328 2563 vitiis
341 2507 569 2580 blandientibus,
586 2514 616 2565 et
636 2509 823 2565 interventus
844 2509 980 2567 civilium

86 2622 233 2659 armorum
247 2603 382 2677 praebuit
395 2605 502 2660 iustam
516 2589 655 2680 segnitiae
670 2606 894 2662 excusationem.
919 2606 980 2664 Sed

87 2697 231 2755 discordia
257 2698 431 2770 laboratum,
464 2718 555 2774 quum
581 2705 678 2756 assuat
679 2719 714 2756 us
738 2700 981 2775 expeditionibus

87 2794 171 2850 miles
204 2794 264 2850 otio
300 2794 455 2853 lasciviret.
498 2793 667 2866 Trebellius,
695 2793 764 2869 fuga
798 2813 832 2852 aa·
855 2794 981 2852 latebris

88 2891 182 2947 vitata
197 2891 342 2947 exereitus
361 2892 406 2948 ira
423 2891 575 2947 indecorus
595 2896 683 2966 atque
701 2890 829 2963 humilis,
845 2892 980 2967 precario

88 3007 158 3044 mcx
171 2987 304 3063 praesint,
322 3007 356 3044 ac
370 2988 453 3045 velut
471 2987 549 3063 pacti
570 2987 715 3044 exercitus
734 2987 893 3058 licentiam,
916 2988 979 3045 dux

88 3087 212 3143 salutem
219 3106 228 3160 5
250 3092 281 3144 at
293 3087 396 3143 seditio
409 3087 472 3143 sine
485 3085 627 3160 sanguine
640 3084 731 3143 stetit.
772 3083 837 3141 Nec
851 3083 980 3141 Vettius

89 3181 225 3255 Bolanus,
250 3183 435 3241 manentibus
456 3182 551 3239 adhuc
575 3181 710 3238 civilibus
731 3180 823 3249 bellis,
852 3180 980 3256 agitavit

91 3279 276 3337 Britanniam
302 3280 460 3356 disciplina.
503 3278 614 3334 Eadem
640 3277 748 3334 inertia
774 3295 843 3354 erga
870 3276 979 3344 hostes,

89 3373 192 3434 similis
229 3376 392 3452 petulantia
428 3380 596 3444 castrorum,
633 3372 691 3428 nisi
724 3370 802 3447 quod
838 3370 979 3429 inuocem
