2206 3682
239 140 247 157 ’
331 192 550 256 crunnum
575 196 693 256 xnvr.
851 217 855 225 .
916 151 987 255 2⁷¹

55 325 135 401 quid
152 323 235 382 inber
247 322 391 384 Peucinos
405 324 581 403 Fennosque
597 326 738 385 silvarum
757 344 791 382 ec
809 323 955 382 montium

56 422 198 498 erigitur,
221 421 382 480 latrociniis
404 429 563 499 pererrans
605 424 652 482 Hi
669 429 770 480 tomen
787 423 866 478 inter
884 421 955 478 Ger-

55 536 167 575 manos
178 518 276 593 potius
288 519 462 592 referuntur,
477 520 547 595 quio
560 524 591 576 et
604 519 702 577 domos
716 518 818 596 figunt,
829 523 859 575 el
874 524 956 575 scuta

56 621 191 692 gestant,
215 620 245 672 et
267 616 376 692 pedum
396 635 452 674 usu
472 635 506 673 oc
528 617 703 693 perniciiete
724 617 861 693 gaudent,
881 634 965 691 quee-

58 712 167 770 omnia
194 711 308 770 diverse
334 712 476 771 Sarmatis
503 720 573 771 suni
601 713 634 770 in
662 714 794 790 plaustro
824 732 955 789 equoque

61 809 244 868 viventibus
286 809 396 868 Fennis
426 811 502 867 miro
532 811 640 883 feritas,
671 811 756 868 foeda
785 814 939 886 paupertas
945 828 954 881 3

61 923 127 962 non
141 923 232 977 arma,
247 888 308 961 non
321 906 396 983 equi,
411 925 471 963 non
483 913 619 983 penstes3
641 905 734 963 victui
751 906 849 976 herba,
869 906 956 962 vesli-

61 1002 112 1060 tui
135 1001 235 1078 pelles,
256 1002 353 1060 cubile
372 1002 480 1060 humus
486 1023 495 1076 3
518 1004 596 1060 solae
612 1005 645 1060 in
661 1003 776 1079 sagittis
792 1023 863 1079 spes,
883 1021 957 1080 ques

63 1098 169 1173 inopia
182 1096 252 1154 ferri
268 1097 379 1155 ossibus
395 1105 538 1174 asperent.
580 1099 721 1176 Idemque
737 1105 860 1158 venetus
877 1101 956 1157 viros

64 1194 181 1272 pariter
206 1211 239 1251 ac
265 1192 388 1252 semines
416 1193 470 1251 alit
476 1213 485 1267 3
518 1194 624 1271 passim
658 1195 736 1251 enim
769 1197 954 1265 comitantur,

66 1297 243 1368 partemque
275 1290 398 1367 praedae
429 1296 541 1366 petunt.
587 1290 652 1352 Nec
685 1290 766 1347 uliud
795 1291 956 1348 infantibus

10 1428 13 1437 ·
65 1389 200 1445 ferarum
222 1385 418 1462 imbriumque
441 1386 607 1462 suffugium,
632 1404 720 1462 quem
743 1391 778 1443 ui
800 1387 833 1443 in
859 1387 958 1463 aliquo

65 1500 220 1540 ramorum
241 1500 323 1538 nexu
344 1485 542 1556 contegantur.
583 1481 655 1538 Huc
678 1483 802 1541 redeunt
825 1484 956 1554 iuvenes,

10 1568 13 1577 ¹
66 1579 125 1635 hoc
152 1596 257 1633 senum
282 1577 504 1652 receptaculum.
547 1577 604 1635 Sed
633 1580 747 1637 bestius
777 1581 959 1662 arbilrenlur

67 1692 160 1749 quam
174 1672 322 1746 ingemere
335 1672 420 1748 agris,
434 1672 588 1730 illaborare
601 1673 742 1742 domibus,
757 1694 823 1731 sues
839 1676 958 1732 alienes·
1052 1680 1054 1687 ’

67 1788 128 1845 que
152 1769 285 1825 fortunas
307 1788 358 1845 spe
379 1775 517 1845 metuque
539 1789 659 1827 versare.
703 1769 804 1827 Securi
821 1771 959 1828 adversus

66 1869 213 1938 homines,
238 1869 331 1925 securi
353 1868 489 1924 adversus
513 1867 581 1923 deos
604 1886 667 1923 rem
693 1867 892 1924 difficillimam
916 1888 959 1924 as

66 1965 166 2022 secuti
179 1969 257 2036 sunt,
272 1969 308 2021 ul
320 1962 380 2020 illis
394 1983 430 2020 ne
444 1975 513 2020 voco
522 1963 642 2039 quidem
656 1982 728 2038 opus
742 1969 822 2022 esset.
856 1963 960 2020 cetera

52 2061 130 2119 'iam
164 2058 302 2132 fabulosa,
335 2059 486 2118 Hellusios
516 2068 546 2117 et
574 2060 705 2117 Oxionas
731 2079 782 2117 ore
808 2061 959 2117 hominum

66 2159 241 2233 vultusque,
256 2176 376 2234 corporo
391 2162 480 2234 etque
496 2165 577 2214 arius
593 2158 721 2215 ferarum
737 2177 842 2234 gerere.
874 2157 959 2226 Quod

66 2273 123 2331 ego
138 2257 175 2310 ut
188 2251 401 2329 incompertum
415 2254 448 2312 in
462 2254 591 2311 medium
604 2254 775 2331 relinquam.
807 2313 809 2317 ,
