2206 3682
80 181 116 239 rc
322 178 543 253 -ccarrrrr
567 176 709 238 morrr

78 309 182 384 gladiis
194 313 225 366 et
236 309 372 366 brevibus
384 309 471 366 cetris
487 294 608 366 missilia
622 315 788 365 nostrorum
803 307 900 364 vitare
917 307 962 364 vel

79 412 222 476 excutere,
245 411 334 480 atque
366 406 421 480 ipsi
450 424 585 481 magnam
614 407 676 462 vim
708 406 834 462 telorum
865 426 960 481 super·

80 501 207 574 fundere,
228 501 318 558 donec
333 500 472 576 Agricola
488 502 667 560 Batavorum
684 503 816 559 cohortes
833 521 867 559 ac
885 503 964 559 Tun·
981 574 984 579 ᾗ

81 615 198 672 grorum
217 597 288 654 duas
308 597 474 655 cohortatus
494 604 546 669 est,
567 604 603 656 ut
622 617 684 655 rem
703 598 741 655 ad
760 617 914 655 mucrones
932 617 964 655 ac

79 713 186 751 manus
209 694 385 752 adducerent
391 716 400 768 ;
421 696 499 771 quod
526 703 557 753 et
580 696 650 772 ipsis
672 701 821 754 vetustate
842 696 964 752 militiae

81 791 272 849 exercitatum
286 797 316 848 et
328 790 461 848 hostibus
476 791 612 863 inhabile,
630 811 720 868 parva
735 797 818 849 scuta
833 797 864 848 et
884 810 965 848 encra

82 903 141 942 mes
167 885 276 960 gladios
307 885 479 961 gerentibus.
521 886 601 943 Nam
634 886 844 942 Britannorum
874 886 965 969 gladii

82 973 144 1038 sine
156 1000 292 1054 mucrone
301 975 483 1057 complexum
494 1001 641 1038 armorum
649 982 719 1044 etin
727 987 827 1058 aperto
836 1000 965 1058 pugnam

81 1099 140 1137 non
154 1079 322 1138 tolerabant
365 1080 462 1156 Igitur
475 1085 509 1137 ut
523 1079 629 1137 Batavi
641 1080 761 1137 miscere
777 1081 861 1150 ictus,
878 1081 965 1136 ferire

82 1177 263 1256 umbonibus,
278 1195 327 1233 ora
339 1175 461 1246 foedare,
476 1180 507 1231 et
521 1175 627 1246 stratis,
644 1173 696 1251 qui
711 1175 744 1231 in
758 1193 850 1250 aequo
866 1175 965 1232 aetite

81 1276 156 1342 rant,
175 1267 284 1345 erigere
300 1271 333 1327 in
352 1270 439 1349 colles
458 1270 548 1327 aciem
566 1290 690 1348 coepere,
707 1275 818 1327 ceterae
834 1270 966 1328 cohortes

82 1365 273 1421 aemulatione
287 1370 317 1422 et
329 1365 441 1440 impetu
453 1365 586 1423 connisae
599 1367 746 1442 proximos
761 1385 891 1442 quosque
907 1385 966 1424 cae-

82 1461 149 1517 dere
159 1481 168 1533 3
189 1481 222 1518 ac
245 1463 374 1537 plerique
396 1462 550 1520 semineces
572 1469 625 1521 aut
651 1463 757 1540 integri
778 1464 966 1521 festinatione

82 1561 222 1617 victoriae
248 1561 495 1636 relinquebantur.
543 1560 667 1618 Interim
694 1562 827 1636 equitum
850 1567 966 1618 turmae

82 1659 190 1733 fugere,
219 1659 380 1717 covinnarii
405 1658 538 1734 peditum
565 1677 595 1715 se
621 1658 730 1734 proelio
756 1659 906 1731 miscuere,
936 1668 968 1716 et

84 1773 262 1830 quamquam
284 1760 430 1811 recentem
453 1759 594 1810 terrorem
614 1753 783 1824 intulerant,-
808 1749 906 1810 densis
924 1760 969 1811 ta·

83 1870 151 1907 men
177 1849 305 1906 hostium
340 1850 503 1925 agminibus
530 1855 560 1906 et
583 1849 784 1925 inaequalibus
806 1848 877 1905 locis
901 1848 966 1906 hae

83 1947 186 2003 rebant
192 1965 201 2017 3
228 1946 405 2021 minimeque
431 1945 571 2020 equestris
599 1965 633 2001 ea
661 1945 720 2001 iam
741 1962 856 2020 pugnae
879 1944 966 2003 facies

84 2048 154 2115 erat,
183 2062 276 2119 quum
306 2059 391 2117 aegre
419 2041 495 2098 clivo
528 2041 671 2098 instantes
704 2039 791 2096 simul
824 2059 966 2116 equorum

84 2138 249 2214 corporibus
269 2137 487 2213 impellerentur
492 2155 502 2207 3
525 2154 559 2192 ac
579 2154 663 2210 saepe
685 2135 752 2210 vagi
778 2153 889 2206 currus,
919 2155 967 2194 ex·

84 2235 181 2292 territi
206 2234 269 2291 sine
299 2233 459 2290 rectoribus
487 2230 563 2306 equi,
598 2236 634 2287 ut
665 2249 809 2306 quemque
842 2230 966 2288 formido

84 2330 201 2399 tulerat,
215 2334 392 2385 transversos
405 2332 456 2384 cut
469 2326 568 2384 obvios
581 2326 774 2383 incursabant

142 2425 316 2483 XXXVII.
358 2425 398 2480 Et
422 2425 566 2494 Britanni,
588 2425 640 2500 qui
664 2425 758 2482 adhuc
778 2443 896 2500 pugnae
917 2444 968 2482 ex·

84 2527 179 2598 pertas
201 2506 313 2577 summa
334 2520 450 2576 collium
472 2520 639 2598 insederant
658 2525 688 2577 ct
705 2521 883 2596 paucitatem
902 2539 967 2578 nos-

85 2624 197 2674 trorum
213 2617 299 2673 vacui
318 2617 498 2691 spernebant,
514 2617 630 2692 degredi
643 2617 784 2694 paulatim
801 2623 831 2674 et
847 2618 968 2675 circum-

84 2714 127 2771 ire
148 2718 230 2788 terga
251 2713 432 2769 vincentium
455 2706 616 2788 coeperant,
639 2713 671 2769 ni
689 2712 719 2769 id
739 2713 835 2788 ipsum
854 2713 968 2770 veritus

85 2809 224 2885 Agricola
257 2815 397 2886 quattuor
431 2801 563 2884 equitum
597 2808 663 2879 alas,
702 2809 739 2865 ad
769 2807 867 2865 subita
896 2808 969 2867 belli

85 2911 220 2977 retentas,
244 2906 429 2963 venientibus
450 2904 634 2981 opposuisset,
657 2909 824 2980 quantoque
843 2904 973 2963 ferocius-

85 3007 312 3086 accucurrerant,
325 3007 409 3059 tanto
422 3003 516 3059 acrius
529 3001 626 3077 pulses
639 3001 671 3058 in
684 3001 782 3076 fugam
799 3001 965 3060 didecmset

86 3101 136 3158 Ita
156 3099 308 3158 consilium
330 3098 540 3155 Britannorum
566 3097 598 3154 in
620 3096 697 3173 ipsos
719 3116 844 3169 versum,
872 3104 968 3155 trans·

87 3190 240 3273 rectaeque
261 3199 412 3271 praecepto
434 3193 514 3250 ducis
537 3212 556 3249 a
576 3193 671 3250 fronte
688 3193 885 3268 pugnantium
903 3194 968 3250 alae

86 3310 216 3348 aversam
238 3289 366 3347 hostium
387 3288 477 3344 aciem
497 3286 635 3345 invasere
677 3287 752 3344 Tum
774 3306 844 3345 vero
866 3293 968 3364 paten-

87 3391 166 3448 tibus
178 3390 248 3447 locis
261 3390 368 3466 grande
382 3395 411 3446 et
425 3392 510 3445 atrox
525 3386 739 3464 spectaculum,
812 3387 851 3461 ui,
868 3387 969 3446 vulne
