2206 3682
335 168 536 233 coruum
562 167 707 228 mom
736 243 739 249 ἱ

71 342 75 348 .
118 336 128 354 ,
311 303 392 358 Elaia.
433 297 690 372 aS'omcoftdeaeof
705 296 840 370 doubtful
851 297 949 353 notha

117 409 143 443 ur
364 388 425 444 ‘coi
468 385 653 443 Iulioba'tonts
667 384 704 457 of
716 383 760 441 tlte
776 383 949 440 Pitho-londa

59 533 61 538 .
137 490 164 545 'n'
177 492 195 543 .·'
211 494 221 537 '·
243 496 260 544 '.
294 536 298 543 ,
352 491 505 548 ·''·=}3diores
532 489 602 545 olim
626 489 778 546 Gallorum
805 506 852 544 res
878 487 952 543 fusse

79 607 192 644 summ-³
239 616 254 629 ·=
271 608 302 643 o
317 610 329 642 ,·
354 592 434 642 ‚dv-rs·
448 588 555 644 ¹Iulius
577 587 670 643 tradit
679 607 688 658 3
717 605 808 660 eoque
829 583 952 641 credibile

79 691 124 741 cst
137 685 212 741 etia..
275 718 288 737 .ι
307 704 345 735 ns
364 688 392 739 iu
419 685 604 741 ''lounaniam
624 688 828 758 transgressos,
869 681 954 749 Quan-

79 779 176 835 tulum
196 797 262 834 en·.·
303 824 318 831 ..
407 784 442 829 υἱ.
461 781 547 845 rabat,
568 799 627 854 quo
650 779 755 848 minue,
780 783 814 833 ut
837 792 954 852 quaeque

79 895 149 951 gens
176 875 286 932 evalu»
319 896 322 900 ·
374 912 383 921 ·.
396 890 511 935 :vu-tart
537 879 775 950 permutaretque
799 862 882 929 sedes
902 891 955 948 pm

80 973 203 1027 miscuas
230 971 313 1027 adhc
349 992 373 1027 o:
414 973 478 1026 etin
557 991 660 1029 norum
683 972 817 1047 potentia
839 970 954 1026 divisast

80 1071 179 1147 Igitur
187 1072 269 1159 inter
290 1070 354 1126 H
365 1090 465 1140 ·jnzous·
503 1134 507 1141 .
573 1090 597 1124 ..ἱ
621 1070 818 1152 Rhenumque
839 1074 870 1125 et
889 1067 956 1125 Moe-

79 1188 152 1224 num
172 1187 271 1224 amnes
292 1167 433 1235 Helleni,
456 1170 588 1222 ··duffe.
615 1167 688 1239 Roii,
712 1166 825 1223 Gallica
846 1172 956 1241 utraque

80 1282 158 1338 gene,
173 1269 300 1320 tenuere.
344 1261 425 1318 Maru
437 1280 448 1317 t
466 1262 558 1317 aliar
584 1266 601 1307 τ’
655 1262 713 1318 emi
730 1280 847 1333 nomen,
862 1263 956 1338 signat

79 1377 137 1433 que
164 1358 219 1414 loci
243 1363 371 1413 veterem
397 1377 422 1413 n
438 1360 570 1412 anan-x
602 1359 736 1432 quat-ris
762 1359 886 1414 mutatis
909 1356 957 1413 cul·

80 1456 200 1513 toribus
244 1455 301 1511 Sed
319 1462 420 1512 utrum
438 1460 545 1512 nra<
557 1458 569 1489 ·“
593 1477 623 1511 *n
641 1456 827 1512 Pannoniam
844 1457 881 1512 ab
895 1455 954 1524 Osie

81 1552 292 1608 Germanorum
310 1552 435 1623 natione,
455 1571 493 1608 an
513 1554 564 1608 isi
581 1552 618 1608 ab
636 1553 788 1608 Araviscis
805 1552 838 1608 in
855 1553 957 1609 Germa·

80 1651 160 1706 niam
183 1651 443 1725 commigraverint,
469 1671 560 1726 quum
588 1652 688 1709 eodem
710 1651 806 1709 adhuc
830 1669 954 1715 sermone,

80 1745 233 1816 institutis,
259 1747 388 1802 moribus
411 1752 541 1818 utantur,
568 1748 712 1804 incertum
736 1753 789 1819 est,
815 1748 885 1822 quia
905 1744 956 1820 pati

80 1843 151 1899 clim
171 1843 269 1918 inopia
289 1862 322 1899 ac
342 1843 478 1900 libertate
498 1845 599 1900 eadem
618 1845 775 1918 utriusque
795 1844 876 1920 ripae
894 1844 957 1898 hona

55 1968 57 1971 v
80 1941 214 2016 malaque
228 1947 317 1997 erant.
361 1941 480 1997 Treveri
498 1948 528 1998 et
546 1942 652 1998 Nervii
666 1942 742 1998 circa
755 1942 957 1997 affectationem

82 2036 270 2093 Germanicae
284 2037 403 2112 originis
416 2037 495 2094 ultro
509 2038 655 2094 ambitiosi
669 2043 745 2108 sunt,
758 2043 907 2112 tamquam
916 2050 957 2108 per

80 2132 155 2188 hanc
175 2131 296 2206 gloriam
315 2133 463 2208 sanguinis
482 2152 500 2188 a
518 2133 711 2189 similitudine
729 2138 760 2188 et
778 2132 887 2188 inertia
904 2128 958 2186 Gal·

81 2228 176 2284 lorum
200 2238 377 2304 separentur.
421 2230 520 2304 Ipsam
544 2229 642 2284 Rheni
664 2229 758 2303 ripam
779 2228 861 2285 haud
884 2225 958 2284 dubie

83 2327 293 2382 Germanorum
313 2327 414 2402 populi
435 2328 542 2399 colunt,
564 2327 742 2400 Vangiones,
765 2325 890 2398 Triboci,
911 2323 959 2380 Ne·

81 2431 179 2478 metes.
204 2426 207 2433 '
223 2424 271 2479 Ne
286 2424 360 2480 Ubii
374 2424 501 2499 quidem,
517 2441 693 2498 quamquam
710 2421 847 2478 Romana
861 2419 959 2479 colonia

81 2536 142 2574 esse
162 2520 329 2589 meruerint,
352 2538 384 2574 ac
404 2519 551 2575 libentius¹
563 2518 796 2593 Agrippinenses
816 2514 958 2574 conditoris

81 2615 127 2672 eui
147 2617 263 2670 nomine
283 2625 433 2687 vocentur,
456 2615 566 2691 origine
590 2616 773 2684 erubescunt,
800 2609 959 2689 transgressi

81 2711 152 2768 olim
176 2718 206 2767 et
228 2713 426 2787 experimento
447 2713 515 2768 fidei
535 2731 623 2786 super
642 2712 736 2786 ipsam
757 2709 859 2767 Rheni
878 2712 959 2786 ripam

81 2808 212 2865 collocati
227 2815 261 2864 ut
274 2815 411 2877 arcerent,
427 2829 486 2865 non
499 2815 535 2866 ut
548 2808 771 2864 custodirentur.

140 2905 264 2962 XXIX.
309 2904 448 2960 Omnium
470 2906 574 2961 harum
598 2903 730 2980 gentium
755 2903 870 2960 virtute
892 2917 958 2978 prae

81 3003 160 3078 cipui
175 3000 282 3057 Batavi
295 3020 355 3056 non
373 3002 502 3057 multum
521 3022 558 3058 ex
576 3002 641 3075 ripa
659 3000 707 3055 sed
728 2999 856 3055 insulam
875 2993 959 3055 Rheni

81 3101 176 3156 amnis
200 3099 306 3169 colunt,
334 3097 509 3154 Chattorum
530 3097 676 3172 quondam
696 3095 830 3170 populus,
853 3101 883 3152 et
901 3089 960 3149 sedi

82 3197 162 3253 tione
184 3196 341 3252 domestica
364 3194 397 3250 in
420 3213 469 3250 cas
488 3194 568 3250 sedes
588 3198 793 3267 transgressui,
816 3193 853 3248 in⁴
869 3191 959 3268 quibus

82 3311 149 3369 pars
171 3291 298 3348 Romani
320 3290 441 3366 imperii¹
456 3289 566 3346 fierent.
610 3287 715 3344 Manet
732 3287 827 3347 ‚honos
847 3295 877 3344 et
897 3283 960 3342 anti·

83 3407 157 3465 quae
180 3387 324 3445 societatis
351 3386 472 3463 insigne.
516 3387 595 3442 Nam
622 3403 676 3440 nec
702 3384 824 3442 tributis
846 3389 960 3443 contem·
