2212 3682
338 190 558 252 GERMANIA
585 192 756 253 VL—XV.
975 199 992 256 7

42 378 50 391 ,Ι
70 318 74 325 '
100 339 246 395 equorum
259 340 374 396 quoque
385 323 535 399 praesagia
547 341 580 380 ac
593 322 721 380 monitus
741 323 873 398 experiri
917 325 994 383 Pub-

42 426 48 471 ι
101 415 159 473 lice
185 417 306 474 aluntur
332 418 435 476 iisdem
462 420 638 476 memoribus
665 438 699 477 aa
720 420 801 491 lucis,
825 421 941 478 candidi
962 428 993 480 et

57 516 60 523 '
101 513 185 570 nullo
201 515 316 572 mortali
330 534 416 592 opere
429 517 555 573 contac
547 536 557 573 1
558 536 652 592 ,quos
662 536 839 671 messmam
805 537 885 574 sacru
905 538 993 576 curru

102 713 210 782 tusquc
237 727 270 766 ac
296 709 395 767 fremit
384 715 431 767 tus
458 712 620 769 observant.
689 712 752 769 Nec
774 621 839 770 lulli
864 676 992 789 auspicio

102 803 197 860 maior
215 803 294 874 fides,
318 823 377 860 nou
397 805 489 861 solum
509 807 586 881 apud
609 807 732 882 plebem,
754 808 805 864 sed
829 809 908 884 apud
930 828 992 884 pre

59 896 62 901 ’
101 915 190 967 ceres,
218 899 296 972 apud
323 899 502 973 sacerdotes;
536 919 565 956 sc
589 902 668 958 enim
691 903 839 958 ministros
862 903 990 980 deorum,

42 1002 58 1051 ri
101 992 168 1050 illos
190 995 317 1051 conscios
341 1001 455 1070 putant.
498 995 553 1052 Est
574 1004 605 1054 et
628 997 686 1053 alia
709 997 872 1054 observatio
897 999 981 1073 auspi

42 1086 58 1143 τ’
98 1093 224 1164 ciorum,
253 1112 313 1169 qua
338 1093 472 1168 gravium
503 1094 660 1152 bellorum·
677 1100 799 1151 eventus
830 1095 990 1169 explorant

43 1202 56 1299 p
100 1191 176 1246 Eius
198 1191 302 1265 gentis,
326 1211 393 1247 cum
418 1211 476 1266 qua
497 1192 606 1249 bellum
629 1200 680 1264 cst,
704 1194 852 1267 captivum
876 1192 992 1269 qucquo

42 1302 53 1399 ἱ·
92 1289 189 1344 modo
216 1287 411 1363 interceptum
441 1307 508 1344 cum
536 1288 627 1345 electo
657 1288 842 1364 popularium
873 1308 992 1345 sucrum
1056 1289 1057 1293 ’
1094 1264 1097 1275 ¹

95 1384 206 1460 patriis
223 1403 368 1459 quemque
390 1385 479 1441 aruris
503 1385 701 1466 cammittunt.
744 1383 882 1440 Victoria
904 1384 993 1441 huius

42 1490 47 1531 r
95 1479 149 1536 vel
161 1478 244 1536 illius
257 1499 310 1555 pro
324 1479 501 1557 praeiudicio
515 1481 662 1556 accipitur.

160 1576 223 1636 XI.
264 1576 311 1633 De
324 1578 486 1632 minoribus
499 1578 585 1633 rebus
598 1577 744 1654 principes
764 1577 941 1646 consultant,
955 1575 992 1630 de

94 1673 260 1731 maioribus
283 1692 391 1742 omnes,
413 1673 457 1729 ita
479 1679 585 1743 tamen,
610 1680 643 1730 ut
665 1693 700 1730 ca
720 1693 843 1750 quoque,
868 1691 992 1747 quorum

94 1788 191 1847 penes
214 1768 329 1845 plebem
352 1767 509 1823 arbitrium
532 1773 585 1833 est,
607 1769 683 1843 apud
704 1769 848 1844 principes
869 1772 994 1843 pertrac-

94 1876 212 1927 teutur
255 1866 376 1937 Coeunt,
400 1865 456 1921 nisi
480 1865 551 1939 quid
573 1865 728 1921 fortuitum
750 1870 780 1921 et
801 1862 958 1921 subitum
949 1881 993 1918 ιιι-
1065 1888 1085 1947 ,¹

94 1966 184 2036 nida,
212 1972 273 2020 cert
275 1963 300 2019 is
327 1962 436 2032 diebus,
465 1980 557 2036 quum
584 1968 637 2017 aut
664 1961 818 2042 inchoatur
845 1959 915 2015 luna
942 1961 994 2012 aut
1008 1967 1039 2003 ”r

96 2062 263 2137 impletur5
299 2079 368 2116 nam
395 2058 513 2134 agendis
540 2059 626 2114 rebus
652 2034 707 2114 lioc
727 2044 994 2132 auspicatissimum

97 2158 223 2219 initium
236 2155 370 2211 credunt.
413 2153 477 2210 Nec
498 2153 611 2209 dierum
631 2171 793 2223 numerum,
816 2157 850 2206 ut
868 2169 930 2219 nos,
944 2148 995 2205 sed

99 2251 235 2309 noctium
253 2253 424 2324 computant
434 2265 444 2318 ,·
474 2248 515 2303 sic
539 2248 731 2315 constituunt,
755 2245 796 2302 sic
817 2245 974 2301 condicunt
984 2265 993 2317 ;

101 2367 164 2405 nox
178 2347 282 2402 ducere
300 2346 378 2401 diem
397 2344 522 2400 videtur.
566 2342 646 2398 Illud
667 2363 704 2398 ex
724 2342 858 2398 libertate
878 2342 995 2406 vitium,

102 2442 184 2519 quod
198 2459 257 2497 non
271 2438 366 2511 simul,
382 2458 435 2496 nec
448 2446 483 2494 ut
501 2439 572 2495 iussi
592 2440 779 2508 conveniunt,
802 2438 850 2494 sed
871 2444 902 2494 et
921 2437 997 2493 alter

106 2543 137 2592 et
152 2535 255 2592 tertius
269 2535 330 2591 dies
344 2533 529 2617 QUUQQQO
543 2535 715 2609 coeuntium
736 2535 906 2609 absumitur.
949 2532 996 2590 Ut

110 2631 211 2687 turbae
229 2630 347 2706 placuit,
368 2629 523 2685 considunt
542 2629 654 2688 armati.
706 2628 862 2685 Silentium
882 2647 935 2703 per
954 2645 996 2682 sa

113 2725 244 2796 cerdotee‚
268 2726 374 2801 quibus
393 2732 459 2781 tum
480 2732 510 2780 et
531 2725 708 2781 coercendi
700 2745 746 2781 rus
760 2731 804 2780 est
804 2725 996 2799 ,imperatum

118 2820 185 2879 Mox
203 2842 256 2880 rex
275 2822 323 2879 vel
343 2821 493 2898 princepe,
506 2826 593 2895 prout
614 2826 692 2878 aetas
712 2821 825 2896 cuique,
839 2825 928 2895 prout
947 2837 998 2874 no-
1020 2818 1066 2883 t

76 2980 80 2995 ι
120 2914 217 2990 bilitas,
246 2925 336 2994 prout
369 2916 456 2973 decus
488 2916 639 2988 bellorum,
668 2918 794 2992 prouti
782 2915 917 2972 facundia
943 2919 995 2984 est,

74 3016 81 3055 l
120 3011 233 3071 audium
221 3020 277 3086 tur,
298 3012 474 3069 auctoritate
444 3013 636 3069 tsuadendi
659 3033 726 3089 mag
728 3013 751 3070 is
771 3032 858 3089 quam
878 3010 999 3067 iubendi

117 3111 259 3174 maestae
304 3108 337 3166 Si
360 3107 508 3184 displicuit
529 3116 646 3166 sentent
648 3110 683 3181 ia,
705 3111 824 3165 fremitu
845 3126 999 3184 asper-nan

115 3201 184 3274 tur3
210 3209 255 3265 sin
279 3205 397 3284 placuit,
420 3206 544 3262 frameas
568 3205 749 3263 concutiunt.
800 3201 1035 3307 Honoratissisl

88 3307 193 3359 ¹tum
210 3306 343 3365 assensus
356 3324 447 3381 genus
459 3309 504 3361 est
518 3304 606 3362 armis
615 3303 776 3391 laudare.¹

160 3396 237 3462 ΧΠ.
281 3402 368 3460 Licet
386 3403 466 3481 apud
493 3405 659 3466 concilium
680 3382 825 3465 accusare
845 3417 983 3481 upxeupe
996 3393 1034 3444 eu
